<?xml version="1.0" encoding="UTF-8"?>
<!DOCTYPE html PUBLIC "-//W3C//DTD XHTML 1.0 Transitional//EN"
    "http://www.w3.org/TR/xhtml1/DTD/xhtml1-transitional.dtd">
<html xmlns="http://www.w3.org/1999/xhtml" xml:lang="en" lang="en">
 <head>
  <title>
</title>
<meta http-equiv="Content-Type" content="text/html;charset=utf-8" />
  <meta name='ocr-system' content='tesseract 3.04.00' />
  <meta name='ocr-capabilities' content='ocr_page ocr_carea ocr_par ocr_line ocrx_word'/>
</head>
<body>
  <div class='ocr_page' id='page_1' title='image "./deformastasimi00kranuoft_0070.png"; bbox 0 0 2210 3340; ppageno 0'>
   <div class='ocr_carea' id='block_1_1' title="bbox 997 232 1287 274">
    <p class='ocr_par' dir='ltr' id='par_1_1' title="bbox 997 232 1287 274">
     <span class='ocr_line' id='line_1_1' title="bbox 997 232 1287 274; baseline 0 -13"><span class='ocrx_word' id='word_1_1' title='bbox 997 232 1287 274; x_wconf 84' lang='lat'>—68—·</span> 
     </span>
    </p>
   </div>
   <div class='ocr_carea' id='block_1_2' title="bbox 293 346 1993 406">
    <p class='ocr_par' dir='ltr' id='par_1_2' title="bbox 293 346 1993 406">
     <span class='ocr_line' id='line_1_2' title="bbox 293 346 1993 406; baseline 0.004 -18"><span class='ocrx_word' id='word_1_2' title='bbox 293 352 400 401; x_wconf 84' lang='lat' dir='ltr'><strong>patet</strong></span> <span class='ocrx_word' id='word_1_3' title='bbox 439 351 478 387; x_wconf 91' lang='lat' dir='ltr'><strong>et</strong></span> <span class='ocrx_word' id='word_1_4' title='bbox 517 346 733 387; x_wconf 80' lang='lat' dir='ltr'><strong>ostenditur</strong></span> <span class='ocrx_word' id='word_1_5' title='bbox 771 350 907 389; x_wconf 86' lang='lat' dir='ltr'><strong>comici</strong></span> <span class='ocrx_word' id='word_1_6' title='bbox 945 350 1172 390; x_wconf 81' lang='lat' dir='ltr'><strong>imitatione.</strong></span> <span class='ocrx_word' id='word_1_7' title='bbox 1233 364 1284 390; x_wconf 84' lang='lat' dir='ltr'><strong>ex</strong></span> <span class='ocrx_word' id='word_1_8' title='bbox 1324 365 1402 403; x_wconf 89' lang='lat' dir='ltr'><strong>qua</strong></span> <span class='ocrx_word' id='word_1_9' title='bbox 1433 354 1494 392; x_wconf 85' lang='lat' dir='ltr'><strong>vel</strong></span> <span class='ocrx_word' id='word_1_10' title='bbox 1524 353 1565 392; x_wconf 80' lang='lat' dir='ltr'><strong>id</strong></span> <span class='ocrx_word' id='word_1_11' title='bbox 1595 354 1812 393; x_wconf 81' lang='lat' dir='ltr'><strong>necessario</strong></span> <span class='ocrx_word' id='word_1_12' title='bbox 1841 354 1993 406; x_wconf 80' lang='lat' dir='ltr'><strong>cogitur</strong></span> 
     </span>
    </p>
   </div>
   <div class='ocr_carea' id='block_1_3' title="bbox 294 418 1994 543">
    <p class='ocr_par' dir='ltr' id='par_1_3' title="bbox 294 418 1994 543">
     <span class='ocr_line' id='line_1_3' title="bbox 294 418 1994 475; baseline 0.004 -16"><span class='ocrx_word' id='word_1_13' title='bbox 294 421 333 459; x_wconf 90' lang='lat' dir='ltr'><strong>in</strong></span> <span class='ocrx_word' id='word_1_14' title='bbox 371 430 512 470; x_wconf 90' lang='lat' dir='ltr'><strong>pompa</strong></span> <span class='ocrx_word' id='word_1_15' title='bbox 548 418 843 470; x_wconf 88' lang='lat' dir='ltr'><strong>hierophantem</strong></span> <span class='ocrx_word' id='word_1_16' title='bbox 886 421 947 460; x_wconf 81' lang='lat' dir='ltr'><strong>vel</strong></span> <span class='ocrx_word' id='word_1_17' title='bbox 984 421 1105 460; x_wconf 91' lang='lat' dir='ltr'><strong>alium</strong></span> <span class='ocrx_word' id='word_1_18' title='bbox 1148 422 1289 461; x_wconf 89' lang='lat' dir='ltr'><strong>ducem</strong></span> <span class='ocrx_word' id='word_1_19' title='bbox 1329 424 1459 463; x_wconf 86' lang='lat' dir='ltr'><strong>nescio</strong></span> <span class='ocrx_word' id='word_1_20' title='bbox 1496 436 1612 475; x_wconf 90' lang='lat' dir='ltr'><strong>quem</strong></span> <span class='ocrx_word' id='word_1_21' title='bbox 1648 424 1822 475; x_wconf 83' lang='lat' dir='ltr'>praeisse</span> <span class='ocrx_word' id='word_1_22' title='bbox 1852 425 1994 475; x_wconf 82' lang='lat' dir='ltr'><strong>mystis</strong></span> 
     </span>
     <span class='ocr_line' id='line_1_4' title="bbox 294 490 1282 543; baseline 0.002 -13"><span class='ocrx_word' id='word_1_23' title='bbox 294 490 467 530; x_wconf 84' lang='lat' dir='ltr'><strong>carmina</strong></span> <span class='ocrx_word' id='word_1_24' title='bbox 496 501 542 529; x_wconf 92' lang='lat' dir='ltr'><strong>eo</strong></span> <span class='ocrx_word' id='word_1_25' title='bbox 572 502 689 541; x_wconf 91' lang='lat' dir='ltr'><strong>quem</strong></span> <span class='ocrx_word' id='word_1_26' title='bbox 720 490 822 530; x_wconf 85' lang='lat' dir='ltr'><strong>ludit</strong></span> <span class='ocrx_word' id='word_1_27' title='bbox 852 492 1134 543; x_wconf 81' lang='lat' dir='ltr'><strong>Aristophanes</strong></span> <span class='ocrx_word' id='word_1_28' title='bbox 1164 505 1282 532; x_wconf 90' lang='lat' dir='ltr'><strong>more.</strong></span> 
     </span>
    </p>
   </div>
   <div class='ocr_carea' id='block_1_4' title="bbox 283 573 1994 1510">
    <p class='ocr_par' dir='ltr' id='par_1_4' title="bbox 283 573 1994 1510">
     <span class='ocr_line' id='line_1_5' title="bbox 435 573 1992 626; baseline 0.004 -15"><span class='ocrx_word' id='word_1_29' title='bbox 435 575 588 623; x_wconf 88' lang='lat' dir='ltr'><strong>praeter</strong></span> <span class='ocrx_word' id='word_1_30' title='bbox 633 573 704 612; x_wconf 88' lang='lat' dir='ltr'><strong>hos</strong></span> <span class='ocrx_word' id='word_1_31' title='bbox 746 574 950 624; x_wconf 86' lang='lat' dir='ltr'>prologum</span> <span class='ocrx_word' id='word_1_32' title='bbox 990 575 1135 614; x_wconf 87' lang='lat' dir='ltr'><strong>chorici</strong></span> <span class='ocrx_word' id='word_1_33' title='bbox 1171 576 1461 626; x_wconf 86' lang='lat' dir='ltr'><strong>anapaesticum</strong></span> <span class='ocrx_word' id='word_1_34' title='bbox 1502 577 1725 617; x_wconf 84' lang='lat' dir='ltr'><strong>invenimus</strong></span> <span class='ocrx_word' id='word_1_35' title='bbox 1770 578 1831 617; x_wconf 86' lang='lat' dir='ltr'><strong>his</strong></span> <span class='ocrx_word' id='word_1_36' title='bbox 1878 577 1992 618; x_wconf 85' lang='lat' dir='ltr'><strong>locis:</strong></span> 
     </span>
     <span class='ocr_line' id='line_1_6' title="bbox 294 640 1993 699; baseline 0.004 -17"><span class='ocrx_word' id='word_1_37' title='bbox 294 640 456 683; x_wconf 62' lang='lat' dir='ltr'><strong>Thesm.</strong></span> <span class='ocrx_word' id='word_1_38' title='bbox 490 644 572 683; x_wconf 84' lang='lat'><strong>947</strong></span> <span class='ocrx_word' id='word_1_39' title='bbox 625 644 697 682; x_wconf 80' lang='lat' dir='ltr'><strong>Av.</strong></span> <span class='ocrx_word' id='word_1_40' title='bbox 742 645 865 684; x_wconf 85' lang='lat'><strong>1726.</strong></span> <span class='ocrx_word' id='word_1_41' title='bbox 904 668 959 673; x_wconf 88' lang='lat'><strong>——</strong></span> <span class='ocrx_word' id='word_1_42' title='bbox 997 645 1116 696; x_wconf 86' lang='lat' dir='ltr'><strong>Vesp.</strong></span> <span class='ocrx_word' id='word_1_43' title='bbox 1159 647 1242 686; x_wconf 88' lang='lat'><strong>863</strong></span> <span class='ocrx_word' id='word_1_44' title='bbox 1287 647 1358 686; x_wconf 85' lang='lat' dir='ltr'><strong>Av.</strong></span> <span class='ocrx_word' id='word_1_45' title='bbox 1408 648 1491 687; x_wconf 84' lang='lat'><strong>209</strong></span> <span class='ocrx_word' id='word_1_46' title='bbox 1540 648 1681 699; x_wconf 88' lang='lat' dir='ltr'><strong>quibus</strong></span> <span class='ocrx_word' id='word_1_47' title='bbox 1724 649 1821 688; x_wconf 85' lang='lat' dir='ltr'><strong>locis</strong></span> <span class='ocrx_word' id='word_1_48' title='bbox 1847 660 1993 689; x_wconf 63' lang='lat' dir='ltr'><strong>&gt;sacros</strong></span> 
     </span>
     <span class='ocr_line' id='line_1_7' title="bbox 294 703 1994 772; baseline 0.005 -20"><span class='ocrx_word' id='word_1_49' title='bbox 294 703 447 765; x_wconf 84' lang='lat' dir='ltr'><strong>poetam</strong></span> <span class='ocrx_word' id='word_1_50' title='bbox 483 713 627 753; x_wconf 88' lang='lat' dir='ltr'><strong>imitari</strong></span> <span class='ocrx_word' id='word_1_51' title='bbox 666 714 765 753; x_wconf 86' lang='lat' dir='ltr'><strong>ritus</strong></span> <span class='ocrx_word' id='word_1_52' title='bbox 804 718 871 754; x_wconf 84' lang='lat' dir='ltr'><strong>aut</strong></span> <span class='ocrx_word' id='word_1_53' title='bbox 909 715 995 766; x_wconf 90' lang='lat' dir='ltr'><strong>ipse</strong></span> <span class='ocrx_word' id='word_1_54' title='bbox 1036 716 1205 755; x_wconf 87' lang='lat' dir='ltr'><strong>affirmat</strong></span> <span class='ocrx_word' id='word_1_55' title='bbox 1240 719 1307 756; x_wconf 85' lang='lat' dir='ltr'><strong>aut</strong></span> <span class='ocrx_word' id='word_1_56' title='bbox 1342 721 1503 768; x_wconf 86' lang='lat' dir='ltr'><strong>apparet</strong></span> <span class='ocrx_word' id='word_1_57' title='bbox 1541 730 1593 757; x_wconf 83' lang='lat' dir='ltr'><strong>ex</strong></span> <span class='ocrx_word' id='word_1_58' title='bbox 1633 719 1838 759; x_wconf 79' lang='lat' dir='ltr'><strong>sententiis</strong></span> <span class='ocrx_word' id='word_1_59' title='bbox 1876 721 1994 772; x_wconf 82' lang='lat' dir='ltr'><strong>atque</strong></span> 
     </span>
     <span class='ocr_line' id='line_1_8' title="bbox 283 785 1992 840; baseline 0.004 -17"><span class='ocrx_word' id='word_1_60' title='bbox 283 785 449 824; x_wconf 68' lang='lat' dir='ltr'><strong>”dicendi</strong></span> <span class='ocrx_word' id='word_1_61' title='bbox 478 797 642 835; x_wconf 64' lang='lat' dir='ltr'><strong>genere.&gt;</strong></span> <span class='ocrx_word' id='word_1_62' title='bbox 692 785 848 826; x_wconf 80' lang='lat' dir='ltr'><strong>Thesm.</strong></span> <span class='ocrx_word' id='word_1_63' title='bbox 882 786 964 826; x_wconf 84' lang='lat'><strong>947</strong></span> <span class='ocrx_word' id='word_1_64' title='bbox 997 786 1164 836; x_wconf 83' lang='lat' dir='ltr'><strong>hymnos</strong></span> <span class='ocrx_word' id='word_1_65' title='bbox 1200 800 1224 826; x_wconf 89' lang='lat' dir='ltr'><strong>a</strong></span> <span class='ocrx_word' id='word_1_66' title='bbox 1266 787 1420 827; x_wconf 86' lang='lat' dir='ltr'><strong>feminis</strong></span> <span class='ocrx_word' id='word_1_67' title='bbox 1450 787 1859 840; x_wconf 83' lang='lat' dir='ltr'><strong>Thesmophoriazusis</strong></span> <span class='ocrx_word' id='word_1_68' title='bbox 1902 803 1992 830; x_wconf 80' lang='lat' dir='ltr'><strong>ean-</strong></span> 
     </span>
     <span class='ocr_line' id='line_1_9' title="bbox 286 844 1992 909; baseline 0.004 -14"><span class='ocrx_word' id='word_1_69' title='bbox 286 844 396 895; x_wconf 69' lang='lat' dir='ltr'><strong>&#39;tatos</strong></span> <span class='ocrx_word' id='word_1_70' title='bbox 436 856 635 907; x_wconf 82' lang='lat' dir='ltr'><strong>expressit</strong></span> <span class='ocrx_word' id='word_1_71' title='bbox 672 860 790 908; x_wconf 87' lang='lat' dir='ltr'><strong>atque</strong></span> <span class='ocrx_word' id='word_1_72' title='bbox 826 857 1005 908; x_wconf 86' lang='lat' dir='ltr'><strong>quamvis</strong></span> <span class='ocrx_word' id='word_1_73' title='bbox 1041 857 1234 897; x_wconf 87' lang='lat' dir='ltr'><strong>incertum</strong></span> <span class='ocrx_word' id='word_1_74' title='bbox 1271 858 1323 897; x_wconf 91' lang='lat' dir='ltr'><strong>sit</strong></span> <span class='ocrx_word' id='word_1_75' title='bbox 1365 858 1556 909; x_wconf 89' lang='lat' dir='ltr'><strong>quomodo</strong></span> <span class='ocrx_word' id='word_1_76' title='bbox 1593 871 1629 898; x_wconf 81' lang='lat' dir='ltr'><strong>v.</strong></span> <span class='ocrx_word' id='word_1_77' title='bbox 1663 859 1862 901; x_wconf 85' lang='lat'>953—85</span> <span class='ocrx_word' id='word_1_78' title='bbox 1901 860 1992 900; x_wconf 84' lang='lat' dir='ltr'><strong>diri-</strong></span> 
     </span>
     <span class='ocr_line' id='line_1_10' title="bbox 294 927 1992 986; baseline 0.004 -21"><span class='ocrx_word' id='word_1_79' title='bbox 294 927 426 966; x_wconf 87' lang='lat' dir='ltr'><strong>mendi</strong></span> <span class='ocrx_word' id='word_1_80' title='bbox 456 927 665 966; x_wconf 75' lang='lat' dir='ltr'><strong>sintinter</strong></span> <span class='ocrx_word' id='word_1_81' title='bbox 695 928 911 977; x_wconf 65' lang='lat' dir='ltr'><strong>choicutas,</strong></span> <span class='ocrx_word' id='word_1_82' title='bbox 943 928 1015 967; x_wconf 84' lang='lat' dir='ltr'><strong>hoc</strong></span> <span class='ocrx_word' id='word_1_83' title='bbox 1033 928 1182 986; x_wconf 88' lang='lat' dir='ltr'><strong>liquido</strong></span> <span class='ocrx_word' id='word_1_84' title='bbox 1202 932 1363 980; x_wconf 83' lang='lat' dir='ltr'><strong>apparet</strong></span> <span class='ocrx_word' id='word_1_85' title='bbox 1383 930 1647 980; x_wconf 80' lang='lat' dir='ltr'><strong>coryphaeum</strong></span> <span class='ocrx_word' id='word_1_86' title='bbox 1668 931 1816 982; x_wconf 85' lang='lat' dir='ltr'><strong>praeire</strong></span> <span class='ocrx_word' id='word_1_87' title='bbox 1837 935 1992 971; x_wconf 80' lang='lat' dir='ltr'><strong>cantum</strong></span> 
     </span>
     <span class='ocr_line' id='line_1_11' title="bbox 284 985 571 1049; baseline 0 -12"><span class='ocrx_word' id='word_1_88' title='bbox 284 985 425 1038; x_wconf 66' lang='lat' dir='ltr'><strong>“verbis</strong></span> <span class='ocrx_word' id='word_1_89' title='bbox 455 997 571 1049; x_wconf 85' lang='lat'>(947)</span> 
     </span>
     <span class='ocr_line' id='line_1_12' title="bbox 327 1075 1867 1136; baseline 0.003 -16"><span class='ocrx_word' id='word_1_90' title='bbox 327 1084 342 1090; x_wconf 70' lang='lat'><strong>&#39;⁴</strong></span> <span class='ocrx_word' id='word_1_91' title='bbox 417 1076 499 1129; x_wconf 69' lang='grc' dir='ltr'><em>ἄγε</em></span> <span class='ocrx_word' id='word_1_92' title='bbox 531 1095 623 1120; x_wconf 78' lang='grc' dir='ltr'><strong>νυν</strong></span> <span class='ocrx_word' id='word_1_93' title='bbox 655 1077 770 1131; x_wconf 79' lang='grc' dir='ltr'><em>ἡμεῖς</em></span> <span class='ocrx_word' id='word_1_94' title='bbox 795 1084 1009 1130; x_wconf 79' lang='grc' dir='ltr'><em>παίσωμεν</em></span> <span class='ocrx_word' id='word_1_95' title='bbox 1042 1075 1145 1133; x_wconf 71' lang='grc' dir='ltr'><em>ἅπερ</em></span> <span class='ocrx_word' id='word_1_96' title='bbox 1178 1078 1309 1130; x_wconf 84' lang='grc' dir='ltr'><em>νόμος</em></span> <span class='ocrx_word' id='word_1_97' title='bbox 1340 1079 1491 1123; x_wconf 77' lang='grc' dir='ltr'><em>ἐνθάδε</em></span> <span class='ocrx_word' id='word_1_98' title='bbox 1523 1091 1630 1123; x_wconf 84' lang='grc' dir='ltr'><em>ταῖσι</em></span> <span class='ocrx_word' id='word_1_99' title='bbox 1663 1086 1867 1136; x_wconf 79' lang='grc' dir='ltr'><em>γυναιξίν,</em></span> 
     </span>
     <span class='ocr_line' id='line_1_13' title="bbox 373 1146 1619 1203; baseline 0.003 -13"><span class='ocrx_word' id='word_1_100' title='bbox 373 1159 375 1161; x_wconf 84' lang='grc'><strong>’</strong></span> <span class='ocrx_word' id='word_1_101' title='bbox 415 1146 518 1191; x_wconf 72' lang='grc' dir='ltr'><em>ὅταν</em></span> <span class='ocrx_word' id='word_1_102' title='bbox 550 1149 672 1203; x_wconf 82' lang='grc' dir='ltr'><em>ὄργια</em></span> <span class='ocrx_word' id='word_1_103' title='bbox 706 1148 832 1200; x_wconf 83' lang='grc' dir='ltr'><em>σεμνὰ</em></span> <span class='ocrx_word' id='word_1_104' title='bbox 862 1156 982 1192; x_wconf 76' lang='grc' dir='ltr'><em>θεοῖν</em></span> <span class='ocrx_word' id='word_1_105' title='bbox 1014 1153 1141 1203; x_wconf 77' lang='grc' dir='ltr'><em>ἱεραῖς</em></span> <span class='ocrx_word' id='word_1_106' title='bbox 1173 1146 1304 1203; x_wconf 76' lang='grc' dir='ltr'><em>ὥραις</em></span> <span class='ocrx_word' id='word_1_107' title='bbox 1337 1151 1619 1203; x_wconf 75' lang='grc' dir='ltr'><strong><em>ἀνέχωμεν...</em></strong></span> 
     </span>
     <span class='ocr_line' id='line_1_14' title="bbox 296 1235 1848 1286; baseline 0.003 -14"><span class='ocrx_word' id='word_1_108' title='bbox 296 1237 415 1285; x_wconf 86' lang='lat' dir='ltr'><strong>atque</strong></span> <span class='ocrx_word' id='word_1_109' title='bbox 446 1235 588 1273; x_wconf 86' lang='lat' dir='ltr'><strong>iterum</strong></span> <span class='ocrx_word' id='word_1_110' title='bbox 618 1236 883 1286; x_wconf 83' lang='lat' dir='ltr'><strong>coryphaeum</strong></span> <span class='ocrx_word' id='word_1_111' title='bbox 914 1247 985 1285; x_wconf 89' lang='lat' dir='ltr'><strong>per</strong></span> <span class='ocrx_word' id='word_1_112' title='bbox 1013 1235 1161 1274; x_wconf 86' lang='lat' dir='ltr'><strong>iambos</strong></span> <span class='ocrx_word' id='word_1_113' title='bbox 1193 1237 1350 1285; x_wconf 88' lang='lat' dir='ltr'><strong>signum</strong></span> <span class='ocrx_word' id='word_1_114' title='bbox 1380 1237 1543 1276; x_wconf 88' lang='lat' dir='ltr'><strong>canendi</strong></span> <span class='ocrx_word' id='word_1_115' title='bbox 1574 1238 1666 1276; x_wconf 86' lang='lat' dir='ltr'><strong>dare</strong></span> <span class='ocrx_word' id='word_1_116' title='bbox 1696 1250 1732 1277; x_wconf 84' lang='lat' dir='ltr'><strong>v,</strong></span> <span class='ocrx_word' id='word_1_117' title='bbox 1767 1238 1848 1277; x_wconf 88' lang='grc'><strong>987</strong></span> 
     </span>
     <span class='ocr_line' id='line_1_15' title="bbox 697 1313 1525 1370; baseline 0.004 -14"><span class='ocrx_word' id='word_1_118' title='bbox 697 1313 829 1369; x_wconf 74' lang='grc' dir='ltr'><em>ἡγοῦ</em></span> <span class='ocrx_word' id='word_1_119' title='bbox 858 1318 930 1357; x_wconf 75' lang='grc' dir='ltr'><strong>δὲ.</strong></span> <span class='ocrx_word' id='word_1_120' title='bbox 949 1350 983 1358; x_wconf 91' lang='grc'><strong>..</strong></span> <span class='ocrx_word' id='word_1_121' title='bbox 1020 1314 1078 1358; x_wconf 76' lang='grc' dir='ltr'><strong>σὺ</strong></span> <span class='ocrx_word' id='word_1_122' title='bbox 1111 1314 1335 1370; x_wconf 72' lang='grc' dir='ltr'><em>κισσοφόρε</em></span> <span class='ocrx_word' id='word_1_123' title='bbox 1366 1316 1525 1369; x_wconf 83' lang='grc' dir='ltr'><em>βάκχειε</em></span> 
     </span>
     <span class='ocr_line' id='line_1_16' title="bbox 699 1386 1287 1438; baseline 0.002 -10"><span class='ocrx_word' id='word_1_124' title='bbox 699 1387 894 1428; x_wconf 74' lang='grc' dir='ltr'><em>δέσποτ’·</em></span> <span class='ocrx_word' id='word_1_125' title='bbox 922 1387 1015 1438; x_wconf 79' lang='grc' dir='ltr'><strong>ἐγὼ</strong></span> <span class='ocrx_word' id='word_1_126' title='bbox 1051 1390 1098 1428; x_wconf 74' lang='grc' dir='ltr'><strong>δὲ</strong></span> <span class='ocrx_word' id='word_1_127' title='bbox 1129 1386 1287 1438; x_wconf 79' lang='grc' dir='ltr'><em>κώμοις</em></span> 
     </span>
     <span class='ocr_line' id='line_1_17' title="bbox 700 1458 1227 1510; baseline 0.002 -11"><span class='ocrx_word' id='word_1_128' title='bbox 700 1461 749 1499; x_wconf 69' lang='grc' dir='ltr'><strong>σε’</strong></span> <span class='ocrx_word' id='word_1_129' title='bbox 774 1458 1037 1510; x_wconf 81' lang='grc' dir='ltr'><em>φιλοχόροισι</em></span> <span class='ocrx_word' id='word_1_130' title='bbox 1068 1461 1227 1509; x_wconf 78' lang='grc' dir='ltr'><em>μέλψω.</em></span> 
     </span>
    </p>
   </div>
   <div class='ocr_carea' id='block_1_5' title="bbox 466 1588 1992 1643">
    <p class='ocr_par' dir='ltr' id='par_1_5' title="bbox 466 1588 1992 1643">
     <span class='ocr_line' id='line_1_18' title="bbox 466 1588 1992 1643; baseline 0.003 -16"><span class='ocrx_word' id='word_1_131' title='bbox 466 1589 538 1627; x_wconf 88' lang='lat' dir='ltr'><strong>Av.</strong></span> <span class='ocrx_word' id='word_1_132' title='bbox 574 1589 686 1628; x_wconf 84' lang='grc'><strong>1728</strong></span> <span class='ocrx_word' id='word_1_133' title='bbox 718 1589 824 1627; x_wconf 89' lang='lat' dir='ltr'><strong>chori</strong></span> <span class='ocrx_word' id='word_1_134' title='bbox 855 1588 938 1628; x_wconf 83' lang='lat' dir='ltr'><strong>dux</strong></span> <span class='ocrx_word' id='word_1_135' title='bbox 1181 1593 1264 1629; x_wconf 89' lang='lat' dir='ltr'><strong>tum</strong></span> <span class='ocrx_word' id='word_1_136' title='bbox 1305 1588 1454 1643; x_wconf 88' lang='grc'><strong>(1744)</strong></span> <span class='ocrx_word' id='word_1_137' title='bbox 1495 1591 1632 1630; x_wconf 76' lang='lat' dir='ltr'><strong>histrIo</strong></span> <span class='ocrx_word' id='word_1_138' title='bbox 1662 1603 1732 1642; x_wconf 89' lang='lat' dir='ltr'><strong>pro</strong></span> <span class='ocrx_word' id='word_1_139' title='bbox 1775 1591 1992 1642; x_wconf 86' lang='lat' dir='ltr'><strong>coryphaeo</strong></span> 
     </span>
    </p>
   </div>
   <div class='ocr_carea' id='block_1_6' title="bbox 298 1666 1992 1794">
    <p class='ocr_par' dir='ltr' id='par_1_6' title="bbox 298 1666 1992 1794">
     <span class='ocr_line' id='line_1_19' title="bbox 298 1666 1992 1723; baseline 0.002 -13"><span class='ocrx_word' id='word_1_140' title='bbox 298 1667 392 1710; x_wconf 78' lang='grc' dir='ltr'><strong>ἀλλ’</strong></span> <span class='ocrx_word' id='word_1_141' title='bbox 424 1667 638 1719; x_wconf 75' lang='grc' dir='ltr'><em>ὑμεναίοις</em></span> <span class='ocrx_word' id='word_1_142' title='bbox 657 1703 668 1720; x_wconf 91' lang='grc'>,</span> <span class='ocrx_word' id='word_1_143' title='bbox 690 1671 828 1722; x_wconf 84' lang='lat' dir='ltr'><strong>inquit,</strong></span> <span class='ocrx_word' id='word_1_144' title='bbox 859 1673 929 1711; x_wconf 83' lang='grc' dir='ltr'><strong>καὶ</strong></span> <span class='ocrx_word' id='word_1_145' title='bbox 959 1685 1109 1720; x_wconf 85' lang='grc' dir='ltr'><em>νυμφι-</em></span> <span class='ocrx_word' id='word_1_146' title='bbox 1185 1666 1268 1721; x_wconf 71' lang='grc' dir='ltr'><em>ἆγε</em></span> <span class='ocrx_word' id='word_1_147' title='bbox 1299 1686 1388 1711; x_wconf 87' lang='grc' dir='ltr'><strong>νυν</strong></span> <span class='ocrx_word' id='word_1_148' title='bbox 1420 1669 1581 1713; x_wconf 79' lang='grc' dir='ltr'><em>αὐτοῦ</em></span> <span class='ocrx_word' id='word_1_149' title='bbox 1608 1675 1678 1713; x_wconf 83' lang='grc' dir='ltr'><strong>καὶ</strong></span> <span class='ocrx_word' id='word_1_150' title='bbox 1709 1670 1784 1722; x_wconf 83' lang='grc' dir='ltr'><em>τὰς</em></span> <span class='ocrx_word' id='word_1_151' title='bbox 1813 1675 1992 1723; x_wconf 72' lang='grc' dir='ltr'><em>χθονίας</em></span> 
     </span>
     <span class='ocr_line' id='line_1_20' title="bbox 988 1740 1591 1794; baseline 0.003 -13"><span class='ocrx_word' id='word_1_152' title='bbox 988 1743 1110 1782; x_wconf 84' lang='grc' dir='ltr'><em>ὁίοισι</em></span> <span class='ocrx_word' id='word_1_153' title='bbox 1182 1740 1378 1793; x_wconf 79' lang='grc' dir='ltr'><em>κλήισατε</em></span> <span class='ocrx_word' id='word_1_154' title='bbox 1410 1741 1591 1794; x_wconf 78' lang='grc' dir='ltr'><em>βροντὰς</em></span> 
     </span>
    </p>
   </div>
   <div class='ocr_carea' id='block_1_7' title="bbox 299 1809 1992 2006">
    <p class='ocr_par' dir='ltr' id='par_1_7' title="bbox 299 1809 1992 2006">
     <span class='ocr_line' id='line_1_21' title="bbox 357 1809 1992 1866; baseline 0.002 -15"><span class='ocrx_word' id='word_1_155' title='bbox 357 1809 516 1862; x_wconf 75' lang='grc' dir='ltr'><em>δέχεσθ’</em></span> <span class='ocrx_word' id='word_1_156' title='bbox 551 1810 697 1860; x_wconf 78' lang='grc' dir='ltr'><em>ωἰὄαῖς</em></span> <span class='ocrx_word' id='word_1_157' title='bbox 1181 1810 1258 1861; x_wconf 83' lang='grc' dir='ltr'><em>τάς</em></span> <span class='ocrx_word' id='word_1_158' title='bbox 1296 1828 1337 1853; x_wconf 86' lang='grc' dir='ltr'><em>τε</em></span> <span class='ocrx_word' id='word_1_159' title='bbox 1381 1809 1589 1866; x_wconf 80' lang='grc' dir='ltr'><em>πυρώδεις</em></span> <span class='ocrx_word' id='word_1_160' title='bbox 1619 1811 1715 1862; x_wconf 85' lang='grc' dir='ltr'><em>Διὸς</em></span> <span class='ocrx_word' id='word_1_161' title='bbox 1759 1811 1992 1866; x_wconf 76' lang='grc' dir='ltr'><em>ἀστεροπὰς</em></span> 
     </span>
     <span class='ocr_line' id='line_1_22' title="bbox 299 1879 1832 1940; baseline 0.002 -18"><span class='ocrx_word' id='word_1_162' title='bbox 299 1879 432 1923; x_wconf 76' lang='grc' dir='ltr'><em>αὐτὸν</em></span> <span class='ocrx_word' id='word_1_163' title='bbox 463 1886 531 1922; x_wconf 87' lang='grc' dir='ltr'><strong>καὶ</strong></span> <span class='ocrx_word' id='word_1_164' title='bbox 563 1883 641 1940; x_wconf 70' lang='grc' dir='ltr'><strong>τὴν</strong></span> <span class='ocrx_word' id='word_1_165' title='bbox 672 1886 907 1923; x_wconf 81' lang='grc' dir='ltr'><em>Βασίλειαν.</em></span> <span class='ocrx_word' id='word_1_166' title='bbox 1185 1882 1323 1924; x_wconf 79' lang='grc' dir='ltr'><em>δεινόν</em></span> <span class='ocrx_word' id='word_1_167' title='bbox 1355 1882 1391 1924; x_wconf 81' lang='grc' dir='ltr'><strong>τ’</strong></span> <span class='ocrx_word' id='word_1_168' title='bbox 1423 1882 1585 1937; x_wconf 77' lang='grc' dir='ltr'><em>ἀργῆτα</em></span> <span class='ocrx_word' id='word_1_169' title='bbox 1614 1883 1832 1936; x_wconf 85' lang='grc' dir='ltr'><em>κεραυνόν.</em></span> 
     </span>
     <span class='ocr_line' id='line_1_23' title="bbox 356 1955 1826 2006; baseline 0.002 -13"><span class='ocrx_word' id='word_1_170' title='bbox 356 1956 528 2004; x_wconf 89' lang='lat' dir='ltr'><strong>hymnus</strong></span> <span class='ocrx_word' id='word_1_171' title='bbox 558 1955 599 1993; x_wconf 91' lang='lat' dir='ltr'><strong>in</strong></span> <span class='ocrx_word' id='word_1_172' title='bbox 630 1955 762 1994; x_wconf 87' lang='lat' dir='ltr'><strong>Iovem</strong></span> <span class='ocrx_word' id='word_1_173' title='bbox 794 1960 834 1994; x_wconf 84' lang='lat' dir='ltr'><strong>et</strong></span> <span class='ocrx_word' id='word_1_174' title='bbox 863 1956 1062 2005; x_wconf 86' lang='lat' dir='ltr'><strong>Reginam.</strong></span> <span class='ocrx_word' id='word_1_175' title='bbox 1381 1957 1552 2006; x_wconf 85' lang='lat' dir='ltr'><strong>hymnus</strong></span> <span class='ocrx_word' id='word_1_176' title='bbox 1582 1956 1621 1995; x_wconf 92' lang='lat' dir='ltr'><strong>in</strong></span> <span class='ocrx_word' id='word_1_177' title='bbox 1653 1957 1826 1996; x_wconf 85' lang='lat' dir='ltr'><strong>Fulmen.</strong></span> 
     </span>
    </p>
   </div>
   <div class='ocr_carea' id='block_1_8' title="bbox 440 2085 1752 2278">
    <p class='ocr_par' dir='ltr' id='par_1_8' title="bbox 440 2085 1752 2278">
     <span class='ocr_line' id='line_1_24' title="bbox 440 2085 1491 2136; baseline 0.003 -15"><span class='ocrx_word' id='word_1_178' title='bbox 440 2085 557 2135; x_wconf 88' lang='lat' dir='ltr'><strong>Vesp.</strong></span> <span class='ocrx_word' id='word_1_179' title='bbox 592 2086 675 2125; x_wconf 87' lang='lat'><strong>863</strong></span> <span class='ocrx_word' id='word_1_180' title='bbox 709 2085 887 2124; x_wconf 90' lang='lat' dir='ltr'><strong>sollemni</strong></span> <span class='ocrx_word' id='word_1_181' title='bbox 917 2086 1131 2136; x_wconf 85' lang='lat' dir='ltr'><strong>precationi</strong></span> <span class='ocrx_word' id='word_1_182' title='bbox 1162 2086 1219 2124; x_wconf 87' lang='lat' dir='ltr'><strong>sic</strong></span> <span class='ocrx_word' id='word_1_183' title='bbox 1247 2086 1491 2136; x_wconf 84' lang='lat' dir='ltr'><strong>praeluditur</strong></span> 
     </span>
     <span class='ocr_line' id='line_1_25' title="bbox 520 2149 1752 2207; baseline 0.001 -12"><span class='ocrx_word' id='word_1_184' title='bbox 520 2157 601 2196; x_wconf 88' lang='grc' dir='ltr'><strong>καὶ</strong></span> <span class='ocrx_word' id='word_1_185' title='bbox 632 2152 735 2207; x_wconf 80' lang='grc' dir='ltr'><strong>μὴν</strong></span> <span class='ocrx_word' id='word_1_186' title='bbox 766 2152 907 2207; x_wconf 78' lang='grc' dir='ltr'><em>ἡμεῖς</em></span> <span class='ocrx_word' id='word_1_187' title='bbox 937 2155 1003 2195; x_wconf 76' lang='grc' dir='ltr'><strong>ἐπὶ</strong></span> <span class='ocrx_word' id='word_1_188' title='bbox 1034 2164 1125 2204; x_wconf 89' lang='grc' dir='ltr'><em>ταῖς</em></span> <span class='ocrx_word' id='word_1_189' title='bbox 1159 2156 1360 2204; x_wconf 83' lang='grc' dir='ltr'><em>σπονὸαῖς</em></span> <span class='ocrx_word' id='word_1_190' title='bbox 1390 2158 1461 2196; x_wconf 84' lang='grc' dir='ltr'><strong>καὶ</strong></span> <span class='ocrx_word' id='word_1_191' title='bbox 1492 2164 1582 2204; x_wconf 87' lang='grc' dir='ltr'><em>ταῖς</em></span> <span class='ocrx_word' id='word_1_192' title='bbox 1612 2149 1752 2206; x_wconf 80' lang='grc' dir='ltr'><em>εὐχαῖς</em></span> 
     </span>
     <span class='ocr_line' id='line_1_26' title="bbox 522 2221 1218 2278; baseline 0 -12"><span class='ocrx_word' id='word_1_193' title='bbox 522 2221 670 2278; x_wconf 82' lang='grc' dir='ltr'><em>φήμην</em></span> <span class='ocrx_word' id='word_1_194' title='bbox 703 2224 873 2278; x_wconf 76' lang='grc' dir='ltr'><em>ἀγαθὴν</em></span> <span class='ocrx_word' id='word_1_195' title='bbox 905 2227 1076 2277; x_wconf 80' lang='grc' dir='ltr'><em>λέξομεν</em></span> <span class='ocrx_word' id='word_1_196' title='bbox 1107 2223 1218 2275; x_wconf 78' lang='grc' dir='ltr'><em>ὑμῖν.</em></span> 
     </span>
    </p>
   </div>
   <div class='ocr_carea' id='block_1_9' title="bbox 298 2356 1992 2479">
    <p class='ocr_par' dir='ltr' id='par_1_9' title="bbox 298 2356 1992 2479">
     <span class='ocr_line' id='line_1_27' title="bbox 438 2356 1991 2408; baseline 0.001 -13"><span class='ocrx_word' id='word_1_197' title='bbox 438 2357 570 2407; x_wconf 83' lang='lat' dir='ltr'><strong>Epops</strong></span> <span class='ocrx_word' id='word_1_198' title='bbox 601 2357 768 2408; x_wconf 88' lang='lat' dir='ltr'><strong>denique</strong></span> <span class='ocrx_word' id='word_1_199' title='bbox 810 2357 1039 2407; x_wconf 85' lang='lat' dir='ltr'><strong>priusquam</strong></span> <span class='ocrx_word' id='word_1_200' title='bbox 1070 2357 1289 2396; x_wconf 86' lang='lat' dir='ltr'><strong>monodiam</strong></span> <span class='ocrx_word' id='word_1_201' title='bbox 1329 2357 1491 2408; x_wconf 84' lang='lat' dir='ltr'><strong>incipiat</strong></span> <span class='ocrx_word' id='word_1_202' title='bbox 1520 2360 1676 2396; x_wconf 84' lang='lat' dir='ltr'><strong>cantare</strong></span> <span class='ocrx_word' id='word_1_203' title='bbox 1714 2356 1826 2408; x_wconf 73' lang='lat' dir='ltr'><strong>quasi</strong></span> <span class='ocrx_word' id='word_1_204' title='bbox 1865 2356 1991 2396; x_wconf 85' lang='lat' dir='ltr'><strong>hiero-</strong></span> 
     </span>
     <span class='ocr_line' id='line_1_28' title="bbox 298 2420 1992 2479; baseline 0 -12"><span class='ocrx_word' id='word_1_205' title='bbox 298 2429 464 2479; x_wconf 86' lang='lat' dir='ltr'><strong>phantes</strong></span> <span class='ocrx_word' id='word_1_206' title='bbox 508 2429 560 2467; x_wconf 86' lang='lat' dir='ltr'><strong>sit</strong></span> <span class='ocrx_word' id='word_1_207' title='bbox 599 2428 663 2467; x_wconf 77' lang='lat' dir='ltr'><strong>vel</strong></span> <span class='ocrx_word' id='word_1_208' title='bbox 694 2428 802 2467; x_wconf 87' lang='lat' dir='ltr'><strong>chori</strong></span> <span class='ocrx_word' id='word_1_209' title='bbox 832 2420 1026 2479; x_wconf 80' lang='lat' dir='ltr'><strong>princeps,</strong></span> <span class='ocrx_word' id='word_1_210' title='bbox 1068 2428 1274 2467; x_wconf 85' lang='lat' dir='ltr'><strong>lusciniam</strong></span> <span class='ocrx_word' id='word_1_211' title='bbox 1305 2428 1486 2468; x_wconf 86' lang='lat' dir='ltr'><strong>admonet</strong></span> <span class='ocrx_word' id='word_1_212' title='bbox 1527 2427 1896 2479; x_wconf 77' lang='grc' dir='ltr'><em>παρατραγωιὸὦν</em></span> <span class='ocrx_word' id='word_1_213' title='bbox 1936 2428 1992 2467; x_wconf 82' lang='lat' dir='ltr'><strong>ita</strong></span> 
     </span>
    </p>
   </div>
   <div class='ocr_carea' id='block_1_10' title="bbox 724 2505 1653 2633">
    <p class='ocr_par' dir='ltr' id='par_1_10' title="bbox 724 2505 1653 2633">
     <span class='ocr_line' id='line_1_29' title="bbox 725 2505 1592 2560; baseline 0.001 -11"><span class='ocrx_word' id='word_1_214' title='bbox 725 2505 808 2560; x_wconf 75' lang='grc' dir='ltr'><em>ἄγε</em></span> <span class='ocrx_word' id='word_1_215' title='bbox 841 2506 1021 2559; x_wconf 77' lang='grc' dir='ltr'><em>σύννομέ</em></span> <span class='ocrx_word' id='word_1_216' title='bbox 1052 2524 1124 2558; x_wconf 90' lang='grc' dir='ltr'><strong>μοι</strong></span> <span class='ocrx_word' id='word_1_217' title='bbox 1156 2511 1317 2550; x_wconf 80' lang='grc' dir='ltr'><em>παῦσαι</em></span> <span class='ocrx_word' id='word_1_218' title='bbox 1346 2511 1421 2558; x_wconf 80' lang='grc' dir='ltr'><strong>μὲν</strong></span> <span class='ocrx_word' id='word_1_219' title='bbox 1450 2505 1592 2550; x_wconf 74' lang='grc' dir='ltr'><em>ὕπνου</em></span> 
     </span>
     <span class='ocr_line' id='line_1_30' title="bbox 724 2576 1653 2633; baseline 0 -13"><span class='ocrx_word' id='word_1_220' title='bbox 724 2583 857 2621; x_wconf 80' lang='grc' dir='ltr'><em>λῦσον</em></span> <span class='ocrx_word' id='word_1_221' title='bbox 888 2583 931 2621; x_wconf 72' lang='grc' dir='ltr'><strong>δὲ</strong></span> <span class='ocrx_word' id='word_1_222' title='bbox 963 2578 1121 2630; x_wconf 85' lang='grc' dir='ltr'><em>νόμους</em></span> <span class='ocrx_word' id='word_1_223' title='bbox 1153 2581 1274 2633; x_wconf 76' lang='grc' dir='ltr'><em>ἱερῶν</em></span> <span class='ocrx_word' id='word_1_224' title='bbox 1306 2576 1454 2629; x_wconf 73' lang='grc' dir='ltr'><em>ὕμνων</em></span> <span class='ocrx_word' id='word_1_225' title='bbox 1484 2587 1524 2620; x_wconf 88' lang='lat' dir='ltr'><strong>et</strong></span> <span class='ocrx_word' id='word_1_226' title='bbox 1554 2595 1590 2632; x_wconf 86' lang='lat' dir='ltr'><strong>q.</strong></span> <span class='ocrx_word' id='word_1_227' title='bbox 1622 2594 1653 2620; x_wconf 82' lang='lat' dir='ltr'><strong>s,</strong></span> 
     </span>
    </p>
   </div>
   <div class='ocr_carea' id='block_1_11' title="bbox 438 2711 1779 2763">
    <p class='ocr_par' dir='ltr' id='par_1_11' title="bbox 438 2711 1779 2763">
     <span class='ocr_line' id='line_1_31' title="bbox 438 2711 1779 2763; baseline -0.001 -11"><span class='ocrx_word' id='word_1_228' title='bbox 438 2713 502 2758; x_wconf 89' lang='lat' dir='ltr'><strong>hic</strong></span> <span class='ocrx_word' id='word_1_229' title='bbox 532 2711 790 2752; x_wconf 84' lang='lat' dir='ltr'><strong>subsistamus</strong></span> <span class='ocrx_word' id='word_1_230' title='bbox 818 2714 935 2763; x_wconf 82' lang='lat' dir='ltr'><strong>atque</strong></span> <span class='ocrx_word' id='word_1_231' title='bbox 964 2723 1063 2763; x_wconf 84' lang='lat' dir='ltr'><strong>quae</strong></span> <span class='ocrx_word' id='word_1_232' title='bbox 1092 2712 1262 2751; x_wconf 84' lang='lat' dir='ltr'><strong>assecuti</strong></span> <span class='ocrx_word' id='word_1_233' title='bbox 1291 2723 1427 2751; x_wconf 87' lang='lat' dir='ltr'><strong>sumus</strong></span> <span class='ocrx_word' id='word_1_234' title='bbox 1455 2723 1779 2751; x_wconf 83' lang='lat' dir='ltr'><strong>consummemus.</strong></span> 
     </span>
    </p>
   </div>
   <div class='ocr_carea' id='block_1_12' title="bbox 288 2828 1991 2963">
    <p class='ocr_par' dir='ltr' id='par_1_12' title="bbox 288 2828 1991 2963">
     <span class='ocr_line' id='line_1_32' title="bbox 441 2828 1991 2892; baseline -0.001 -11"><span class='ocrx_word' id='word_1_235' title='bbox 441 2842 662 2892; x_wconf 87' lang='lat' dir='ltr'><strong>Aeschylus</strong></span> <span class='ocrx_word' id='word_1_236' title='bbox 692 2841 794 2881; x_wconf 89' lang='lat' dir='ltr'><strong>sicut</strong></span> <span class='ocrx_word' id='word_1_237' title='bbox 823 2842 1068 2880; x_wconf 85' lang='lat' dir='ltr'><strong>conservavit</strong></span> <span class='ocrx_word' id='word_1_238' title='bbox 1097 2842 1260 2880; x_wconf 77' lang='lat' dir='ltr'><strong>formam</strong></span> <span class='ocrx_word' id='word_1_239' title='bbox 1291 2841 1436 2880; x_wconf 90' lang='lat' dir='ltr'><strong>chorici</strong></span> <span class='ocrx_word' id='word_1_240' title='bbox 1473 2841 1634 2880; x_wconf 88' lang='lat' dir='ltr'><strong>deorum</strong></span> <span class='ocrx_word' id='word_1_241' title='bbox 1664 2841 1706 2880; x_wconf 87' lang='lat' dir='ltr'><strong>in</strong></span> <span class='ocrx_word' id='word_1_242' title='bbox 1736 2828 1846 2880; x_wconf 85' lang='lat' dir='ltr'><strong>cultu</strong></span> <span class='ocrx_word' id='word_1_243' title='bbox 1888 2839 1991 2880; x_wconf 61' lang='lat' dir='ltr'><strong>usim</strong></span> 
     </span>
     <span class='ocr_line' id='line_1_33' title="bbox 288 2910 1990 2963; baseline -0.002 -10"><span class='ocrx_word' id='word_1_244' title='bbox 288 2918 377 2954; x_wconf 66' lang='lat' dir='ltr'><strong>tam</strong></span> <span class='ocrx_word' id='word_1_245' title='bbox 415 2912 538 2953; x_wconf 87' lang='lat' dir='ltr'><strong>ternis</strong></span> <span class='ocrx_word' id='word_1_246' title='bbox 568 2911 771 2963; x_wconf 85' lang='lat' dir='ltr'><strong>compositi</strong></span> <span class='ocrx_word' id='word_1_247' title='bbox 807 2912 870 2952; x_wconf 84' lang='lat' dir='ltr'><strong>vel</strong></span> <span class='ocrx_word' id='word_1_248' title='bbox 906 2912 1076 2963; x_wconf 88' lang='lat' dir='ltr'><strong>strophis</strong></span> <span class='ocrx_word' id='word_1_249' title='bbox 1106 2912 1168 2951; x_wconf 88' lang='lat' dir='ltr'><strong>vel</strong></span> <span class='ocrx_word' id='word_1_250' title='bbox 1200 2912 1446 2963; x_wconf 85' lang='lat' dir='ltr'><strong>stropharum</strong></span> <span class='ocrx_word' id='word_1_251' title='bbox 1475 2911 1634 2963; x_wconf 83' lang='lat' dir='ltr'><strong>paribus</strong></span> <span class='ocrx_word' id='word_1_252' title='bbox 1668 2911 1724 2951; x_wconf 87' lang='lat' dir='ltr'><strong>ita</strong></span> <span class='ocrx_word' id='word_1_253' title='bbox 1751 2910 1990 2963; x_wconf 88' lang='lat' dir='ltr'><strong>prooemium</strong></span> 
     </span>
    </p>
   </div>
  </div>
 </body>
</html>
