2210 3340
941 229 1234 271 -35—

230 354 386 391 constat
419 351 563 391 iambis
591 350 672 390 illis
701 353 771 390 aut
799 349 938 389 iambis
969 349 1128 388 omnino
1156 353 1227 388 aut
1256 349 1318 388 his
1349 352 1456 388 certe
1487 349 1713 388 carentibus
1745 346 1950 402 (leguntur

231 423 337 484 enim
367 422 543 462 trochaei
571 422 614 461 in
644 421 758 460 Eum.
781 450 790 470 ‚
811 420 959 460 aeolica
989 421 1165 460 membra
1194 420 1235 458 in
1268 419 1374 470 Ag.):

447 507 474 533 α
733 528 742 536 .

445 567 474 614 β
503 490 527 703 ἲ
570 528 777 620 ῒΐοοὴαειῖ,
1298 563 1321 601 ὁ
1351 562 1529 602 clausula
1559 562 1733 602 iambica.

445 650 472 688 y
582 600 764 651 glyconei

229 731 303 772 pro
339 719 480 759 iambis
519 723 634 771 poeta
663 718 860 759 trochaeis
890 718 1032 757 clausit
1062 717 1272 757 exodicum
1303 717 1547 768 Suppficum,
1584 717 1800 768 aptioribus
1831 718 1951 757 choro

229 802 255 831 e
284 802 424 831 scaena
454 791 689 842 egredienti:
1956 789 1959 792 ’

447 877 474 902 α

445 936 474 983 β
504 858 528 1074 }
570 934 688 974 ionici
1264 932 1287 971 d
1318 932 1495 971 clausula
1525 931 1734 971 trochaica.

448 1020 474 1056 7

229 1102 302 1141 par
330 1090 516 1130 ultimum
548 1094 587 1129 et
619 1089 839 1128 Danaidum
883 1092 945 1128 est
986 1092 1027 1128 et
1056 1088 1302 1138 ancillarum,
1346 1100 1436 1127 cum
1475 1088 1518 1126 in
1558 1087 1755 1139 prioribus
1793 1092 1952 1127 cantent

231 1162 418 1202 vicissim.

372 1234 494 1284 igitur
515 1246 600 1273 sex
620 1233 844 1272 invenimus
864 1232 1022 1271 chorica
1040 1232 1135 1271 solis
1156 1232 1333 1271 numeris
1349 1231 1547 1270 disiuncta
1562 1230 1603 1269 in
1621 1231 1802 1282 strophas
1820 1226 1948 1275 3÷1.

374 1306 493 1358 quina
533 1305 721 1345 exhibent
759 1304 868 1356 paria
909 1309 1002 1344 stas.
1035 1303 1171 1355 Suppl.
1206 1304 1291 1343 524
1333 1302 1440 1354 Sept.
1476 1303 1572 1343 720.
1637 1301 1869 1354 Supplicum
1911 1308 1951 1342 et

231 1378 439 1418 sententiis
450 1377 482 1430 l)
513 1382 554 1417 et
583 1377 760 1416 numeris
791 1376 986 1415 dirimitur
1014 1376 1056 1415 in
1087 1376 1198 1427 paria

937 1449 958 1487 1
992 1444 1039 1491 -Ι-
1072 1448 1097 1487 3
1129 1443 1176 1490 -Ι-
1212 1449 1248 1486 1.

230 1522 400 1561 narratio
442 1521 549 1562 enim
592 1521 662 1560 illa
704 1520 754 1560 de
791 1520 860 1559 Ius
897 1520 1094 1559 erroribus
1131 1519 1271 1570 incipit
1309 1531 1332 1557 a
1375 1522 1443 1557 str.
1488 1519 1527 1566 β,
1573 1517 1806 1557 terminatur
1850 1517 1950 1557 anti-

230 1594 391 1645 strophe
424 1593 458 1647 6,
502 1593 686 1645 strophae
726 1606 752 1632 α
795 1596 835 1632 et
866 1606 884 1632 ε
915 1603 1012 1643 quas
1043 1591 1127 1630 Iovi
1172 1591 1344 1631 offerunt
1380 1589 1593 1641 Supplices
1636 1589 1825 1628 servatori
1867 1588 1949 1638 Ius,

229 1666 356 1718 ipsius
385 1666 571 1706 carminis
608 1665 722 1717 quasi
760 1664 948 1716 prologus
987 1668 1080 1703 sunt
1116 1668 1238 1714 atque
1275 1662 1456 1713 epilogus
1487 1691 1496 1711 ,
1528 1665 1648 1712 atque
1685 1661 1750 1700 hic
1790 1660 1950 1712 quidem

231 1738 297 1779 vel
326 1738 479 1778 iambos
519 1737 609 1777 illos
652 1737 771 1776 habet
813 1748 885 1787 per
927 1747 1027 1787 quos
1069 1735 1238 1775 transire
1282 1734 1382 1773 solet
1417 1738 1534 1785 poeta
1568 1732 1618 1772 ad
1650 1733 1860 1783 dialogum.
1892 1755 1951 1761 —

230 1810 339 1862 Sept.
388 1811 465 1850 fab.
518 1810 724 1849 stasimum
780 1808 831 1847 ad
886 1819 1072 1846 numeros
1129 1819 1252 1846 unum
1307 1810 1426 1857 atque
1474 1805 1695 1856 perfectum
1745 1804 1951 1843 sententiis

228 1882 423 1933 digeritur
451 1882 492 1921 in
523 1881 632 1933 paria

997 1952 1022 1990 3
1055 1946 1103 1993 ÷
1136 1951 1174 2000 2,

229 2038 399 2078 namque
429 2038 454 2065 a
483 2025 586 2064 furia
616 2036 731 2064 orsus
761 2023 942 2073 Polynici
966 2022 1197 2073 Eteoclique
1225 2025 1394 2060 mortem
1425 2019 1604 2059 minitata
1634 2014 1840 2072 (πέφρικα
1872 2014 1951 2057 τὰν

231 2094 479 2139 ὠλεσίοικον
498 2094 602 2137 θεόν
618 2128 627 2136 .
645 2128 654 2136 .
672 2095 701 2149 .)
734 2096 876 2135 chorus
907 2095 957 2134 de
981 2094 1066 2146 Lai,
1098 2093 1255 2144 generis
1286 2092 1497 2131 miserrimi
1521 2091 1705 2143 auctoris⁷
1737 2084 1950 2141 παράνοια

229 2175 438 2222 postquam
464 2160 658 2209 enarravit
681 2161 813 2220 (β-β’),
838 2167 987 2206 claudit
1006 2166 1138 2206 verbis
1172 2158 1342 2205 δέδοικα
1375 2161 1454 2204 σὺν
1485 2166 1704 2212 βασιλεῦσι
1734 2158 1791 2213 μὴ
1827 2158 1950 2209 πόλις

233 2241 450 2293 ὁαμασθῆι
492 2239 629 2292 (764);
679 2239 803 2279 altera
850 2242 962 2290 parte
1011 2237 1244 2284 sentenffiam
1289 2237 1396 2275 illam
1440 2229 1494 2274 τὰ
1538 2231 1643 2274 ὀλοὰ
1688 2228 1950 2281 πενομένους

228 2313 468 2366 (Enchelers
508 2307 704 2360 πελόμεν’
738 2307 807 2363 οὐ)
849 2306 1121 2362 παρέρχεται,
1160 2303 1420 2360 πρόπρυμνα
1462 2303 1497 2346 δ’
1531 2301 1713 2355 ἐκβολὰν
1750 2303 1892 2357 φέρει.
1911 2336 1920 2344 .
1938 2335 1948 2344 .

232 2379 362 2434 ὄλβος
402 2379 513 2436 ἄγαν
544 2385 776 2433 παχυνθείς
815 2381 1057 2433 comprobari
1099 2381 1269 2420 affirmat
1309 2378 1523 2431 Oedipodis
1563 2378 1746 2429 exemplo
1792 2376 1947 2430 (ὁ-ε),

231 2457 376 2497 deinde
411 2457 555 2496 iterum
595 2455 647 2494 ad
684 2467 730 2494 ea
767 2466 981 2494 conversus
1019 2465 1119 2505 quae
1149 2457 1263 2491 extra
1293 2463 1476 2491 scaenam
1506 2454 1678 2501 aguntur
1708 2443 1770 2501 (ε’)
1803 2448 1952 2487 claudit

230 2529 362 2568 verbis
393 2527 475 2568 νῦν
508 2528 549 2568 δὲ
580 2523 691 2579 τρέω
723 2522 780 2578 μὴ
814 2522 979 2577 τελέσηι
1010 2527 1260 2575 καμψίπους
1289 2519 1451 2575 Ἐρινύς
1481 2520 1612 2574 (790).

375 2601 518 2652 quibus
555 2599 729 2639 stasimis
766 2597 1039 2648 adiungendae
1075 2596 1214 2648 parodi
1251 2595 1390 2646 Suppl.
1428 2595 1536 2634 Pers.
1575 2596 1648 2643 Ag.
1680 2615 1739 2620 —
1779 2591 1950 2630 vidimus

234 2671 340 2711 Pers.
369 2671 562 2722 parodum
591 2671 826 2722 dispositam
855 2681 944 2709 esse
975 2669 1017 2707 in

379 2824 406 2868 ¹)
431 2823 691 2858 sententiarum
717 2822 761 2857 de
785 2821 1020 2867 dispositione,
1047 2820 1091 2855 de
1117 2830 1187 2865 qua
1211 2830 1290 2854 cum
1318 2819 1361 2854 de
1388 2816 1641 2863 compositione
1657 2814 1824 2860 scripturi
1840 2813 1951 2849 simus

233 2883 297 2928 (cs.
322 2882 471 2928 append.
498 2893 532 2927 p.
560 2881 621 2928 70)
646 2880 821 2927 explicate
848 2879 916 2916 erit
940 2880 1126 2926 agendum,
1151 2878 1209 2914 hic
1235 2889 1343 2924 quam
1359 2876 1573 2923 paucissima
1596 2895 1644 2902 —
1669 2875 1821 2910 fortasse
1847 2873 1951 2908 nimis

234 2953 347 2989 pauca
372 2963 416 2968 —
442 2942 608 2977 diximus.

1665 3006 1711 3042 3*
