2210 3340
932 213 1219 255 —16.-

233 330 426 383 στρέφειν
444 331 638 384 (vertere),
668 328 857 383 στροφήν
879 343 966 371 esse
986 333 1277 372 conversionem
1295 337 1433 372 cantus
1454 333 1554 372 sicut
1571 329 1744 384 καμπήν
1761 334 1924 384 flexum,

229 404 347 442 verba
378 403 556 453 graviora
599 401 814 451 κάμπτειν,
861 405 1024 451 καμπαί
1064 404 1233 443 invicem
1277 404 1515 443 successisse
1558 404 1689 444 verbis
1723 399 1924 456 στρέφειν,

232 476 422 525 στροφαί,
464 474 613 525 aptiora
653 475 877 513 existimata
918 474 968 512 ad
1010 477 1134 513 artem
1177 475 1285 513 illam
1328 475 1572 514 audaciorem
1615 475 1924 525 significandam.

228 547 348 596 atque
390 546 488 584 haec
529 545 606 584 duo
650 546 766 584 verba
810 545 913 584 sicut
950 545 1204 584 Pherecrates
1243 558 1278 596 q.
1307 546 1333 585 f.
1371 546 1574 584 coniunxit
1618 542 1836 596 (κάμπτων
1876 559 1926 593 με

229 617 298 655 καὶ
346 611 540 667 στρέφων
582 610 686 666 ὅλην
727 610 983 667 διέφθορεν),
1024 616 1078 654 ita
1120 616 1161 654 in
1197 628 1313 655 versu
1353 617 1421 655 illo
1453 616 1731 667 Thesmophor.
1771 628 1926 668 quoque

229 683 540 734 κατακάμπτειν
580 683 654 734 τὰς
688 682 873 738 στροφὰς
921 683 972 726 οὐ
1015 681 1178 737 ῥάιὸιον
1219 687 1269 726 ad
1311 687 1625 738 amplificandam
1668 688 1924 728 elocutionem

229 758 409 808 copulata
440 770 526 797 esse
557 761 668 796 ratus
700 757 933 796 vertendum
973 761 1067 808 puto
1111 769 1215 796 esse:
1260 770 1337 796 non
1379 758 1435 797 ita
1473 758 1587 797 facile
1617 770 1797 798 versuras
1835 759 1925 798 illas

230 826 335 879 (τὰς)
375 829 539 868 flectere
595 829 737 879 quibus
779 828 948 878 insignia
992 831 1084 867 sunt
1126 829 1460 878 dithyramborum
1503 829 1684 868 carmina.
1745 830 1850 881 quod
1892 830 1925 869 si

229 911 365 938 verum
397 903 469 948 est,
510 899 662 949 figurae
698 899 789 938 illae
819 899 1101 949 etymologicae
1144 912 1241 950 quas
1283 911 1467 939 vocamus
1510 896 1683 951 καμπὴν
1725 896 1926 949 κάμπτειν

227 968 300 1023 (cf.
327 970 524 1021 Aristoph.
550 971 668 1009 verba
695 966 898 1018 κάμπτειν
931 966 1025 1009 τινὰ
1050 966 1233 1021 καμπήν,
1269 970 1364 1010 οἵαν
1390 970 1430 1009 οἱ
1459 970 1632 1021 νῦν...)
1664 974 1705 1010 et
1737 967 1929 1022 στροφὴν

232 1037 427 1092 στρέφειν
470 1040 534 1093 (cf.
582 1053 614 1080 e.
645 1054 682 1091 g.
720 1041 819 1080 Plat.
853 1041 964 1080 Polit.
1001 1040 1063 1079 III
1093 1042 1179 1080 405
1196 1041 1225 1080 C
1266 1038 1403 1089 πάσας
1446 1038 1633 1094 στροφὰς
1674 1036 1926 1094 στρέφεσθαι

228 1111 327 1151 Tim.
359 1112 462 1151 43D
496 1107 633 1159 πάσας
667 1108 852 1163 στροφὰς
886 1107 1092 1163 στρέφειν)
1142 1112 1254 1163 quasi
1296 1112 1337 1150 in
1380 1125 1497 1152 unam
1541 1112 1771 1152 constrictae
1813 1115 1924 1152 sunt:

232 1179 422 1234 στροφὴν
453 1182 774 1230 κατακάμπτειν.
836 1186 953 1234 atque
984 1183 1100 1222 etiam
1132 1183 1254 1222 altero
1283 1183 1351 1222 illo
1382 1184 1464 1223 loco

540 1264 817 1317 ἐξαρμονίους
847 1262 1015 1313 καμπὰς
1046 1266 1184 1305 ποιῶν
1215 1265 1260 1305 ἐν
1290 1273 1381 1314 ταῖς
1415 1272 1614 1318 στροφαῖς

229 1348 263 1387 si
295 1348 454 1399 quidem
492 1349 578 1398 ipse
613 1351 728 1399 poeta
764 1349 893 1387 verbis
924 1338 1126 1396 κάμπτειν
1157 1353 1197 1387 et
1230 1345 1420 1400 στρέφειν
1450 1349 1554 1388 idem
1587 1349 1781 1399 significat
1810 1360 1928 1388 versu

227 1419 477 1469 paenultimo,
510 1420 709 1470 stropham
740 1431 829 1458 esse
861 1431 1062 1458 versuram
1093 1432 1196 1458 nunc
1226 1432 1297 1470 pro
1328 1424 1433 1459 certo
1463 1420 1625 1459 affirmo.
1658 1443 1710 1448 —
1740 1420 1814 1458 hoc
1843 1419 1926 1458 fere

229 1490 455 1529 Pherecrati
479 1490 536 1528 illi
562 1490 602 1528 in
627 1490 756 1529 animo
783 1493 866 1529 erat
891 1491 1082 1541 proferre:
1116 1490 1290 1530 Cinesias
1322 1490 1595 1530 exharmonios
1619 1491 1747 1530 flexus
1764 1490 1929 1530 faciebat

227 1573 317 1600 cum
344 1573 524 1600 versuras
555 1573 646 1600 suas
666 1562 851 1613 vertebat,
881 1574 971 1600 nam
1003 1562 1184 1612 strophae
1215 1573 1309 1600 sane
1339 1562 1462 1600 cuivis
1492 1562 1641 1601 musico
1671 1559 1929 1612 perficiendae

229 1636 350 1680 erant,
384 1631 559 1671 Ginesias
589 1635 721 1671 autem
753 1644 840 1670 cum
874 1644 948 1671 non
980 1630 1085 1683 μέλη
1109 1627 1334 1684 ἐναρμόνια
1355 1633 1417 1684 (cf.
1439 1633 1558 1671 Arist.
1578 1633 1602 1671 l.
1620 1631 1661 1683 1.)
1681 1634 1929 1683 componeret

230 1703 300 1742 sed
340 1703 381 1741 in
412 1704 555 1754 quibus
592 1703 794 1742 harmonia
830 1703 897 1742 illa
928 1703 1218 1750 dissolveretur,
1256 1702 1426 1754 ἔστρεψε
1455 1699 1622 1751 καμπὰς
1653 1702 1929 1755 ἐξαρμονίους

228 1774 253 1814 i.
274 1787 306 1813 e.
340 1770 391 1813 οὐ
413 1770 549 1821 μόνον
567 1772 766 1825 ἔστρεψεν
789 1769 890 1813 ἀλλὰ
921 1775 991 1813 καὶ
1022 1772 1180 1823 ἔκαμψε
1211 1770 1262 1814 τὸ
1295 1768 1432 1822 ἆισμα,
1479 1778 1596 1825 atque
1626 1775 1743 1813 huius
1773 1773 1928 1813 dicendi

228 1845 389 1884 rationis
421 1858 542 1883 unum
575 1845 713 1884 saltem
744 1845 979 1895 investigavi
1011 1846 1234 1896 exemplum
1267 1846 1382 1896 (apud
1409 1845 1518 1884 Orus.
1537 1858 1574 1896 p.
1601 1843 1717 1898 192):
1748 1844 1926 1896 Xenoph.

229 1916 278 1954 de
318 1928 361 1954 re
401 1927 487 1966 equ.
519 1916 611 1967 VII,
645 1917 711 1964 23,
754 1917 805 1955 15
843 1916 1013 1967 equitem
1054 1916 1235 1955 admonet
1277 1916 1338 1955 δεῖ
1375 1913 1691 1964 ὑπολαμβάνειν
1731 1915 1782 1955 ἐν
1816 1922 1928 1962 ταῖς

233 1994 497 2038 στροφαῖς,
540 1983 590 2026 οὐ
633 1983 714 2037 γὰρ
746 1981 908 2036 ῥάιδιον
938 1985 1015 2026 τῶι
1049 1987 1181 2026 ἵππωι
1212 1983 1459 2035 κάμπτειν
1490 1986 1534 2026 έν
1564 1986 1726 2038 μικραῖι.

371 2082 492 2131 igitur
531 2082 691 2131 stropha
729 2082 816 2132 ipsa
857 2093 930 2120 non
971 2085 1054 2120 erat
1093 2077 1222 2129 μέλος
1253 2082 1313 2120 vel
1346 2078 1516 2132 τρόπος,
1558 2093 1635 2120 non
1674 2092 1764 2131 pars
1798 2080 1928 2132 aliqua

229 2151 369 2191 cantici
399 2152 566 2200 maioris,
604 2152 672 2190 sed
713 2152 822 2191 locus
860 2152 928 2191 ille
964 2164 1041 2203 quo
1073 2153 1294 2191 vertebatur
1324 2156 1472 2191 cantus.
1532 2155 1648 2203 atque
1677 2152 1718 2190 in
1748 2151 1928 2190 carmini-

229 2223 303 2262 bus
335 2224 528 2273 strophice
558 2223 783 2273 compositis
813 2223 840 2261 ii
871 2223 947 2262 loci
978 2224 1108 2262 vocari
1131 2227 1307 2274 poterant
1340 2225 1521 2274 στροφαί
1549 2223 1690 2274 quibus
1720 2226 1834 2273 poeta
1864 2223 1929 2262 vel

229 2297 363 2349 cantor
387 2307 410 2332 a
437 2295 513 2332 fine
546 2294 763 2333 cantilenae
792 2294 842 2333 ad
878 2294 1052 2333 eiusdem
1083 2295 1235 2334 redibat
1267 2295 1432 2334 initium.
1446 2317 1510 2322 ·-
1535 2293 1671 2333 eodem
1702 2294 1819 2332 verbo
1850 2305 1927 2345 quo

229 2365 345 2403 modo
385 2368 516 2415 partes
554 2365 663 2415 ipsae
695 2365 907 2414 significari
937 2366 1144 2415 potuerint,
1182 2378 1280 2416 quae
1311 2362 1508 2416 ‘strophis’
1538 2364 1619 2403 illis
1648 2364 1928 2414 efficiebantur,

230 2447 417 2486 quaerere
446 2438 577 2474 restat.

372 2533 413 2568 at
441 2530 515 2569 hoc
544 2530 772 2580 priusquam
808 2530 1005 2580 adeamus,
1042 2543 1208 2581 quanam
1249 2531 1307 2569 via
1343 2543 1388 2569 eo
1424 2531 1675 2581 pervenerint
1705 2529 1844 2570 Graeci
1887 2533 1929 2569 ut

231 2612 321 2639 eum
364 2600 431 2651 qui
474 2600 644 2639 eundem
686 2601 842 2651 saepius
884 2604 1077 2652 repeteret
1118 2605 1274 2641 cantum
1317 2599 1492 2640 ‘vertere’
1542 2601 1714 2640 dicerent
1758 2604 1928 2650 cantum,

230 2671 505 2721 exponendum
535 2671 700 2710 videtur.
762 2671 931 2710 vidimus
973 2667 1165 2723 στρέφειν
1203 2676 1242 2711 et
1282 2667 1483 2720 κάμπτειν
1521 2672 1570 2711 de
1606 2684 1706 2723 equo
1736 2671 1812 2711 dici
1841 2683 1929 2711 ver-

230 2741 348 2780 tendo
378 2742 441 2780 vel
471 2742 752 2781 convertendo:
795 2742 866 2781 sed
906 2754 977 2792 ego
1016 2743 1174 2793 quidem
1205 2743 1328 2782 multo
1359 2742 1610 2782 verisimilius
1640 2743 1740 2782 duco
1770 2754 1849 2782 non
1879 2742 1930 2782 de

231 2812 441 2862 equitando
483 2812 552 2851 sed
596 2813 645 2851 de
686 2813 830 2852 arando
873 2813 945 2852 hoc
985 2814 1147 2852 verbum
1188 2825 1275 2853 esse
1314 2813 1556 2853 translatum.
1616 2813 1786 2864 primum
1825 2813 1928 2852 enim

231 2885 384 2921 constat
420 2883 705 2933 antiquissimis
736 2883 978 2934 temporibus
1011 2883 1177 2923 Graecos
1209 2884 1409 2934 scripsisse
1440 2880 1780 2936 βουστροφηὸόν,
1812 2895 1928 2935 quam
