2210 3340
925 203 1219 246 ,13-

213 328 321 368 tione
338 327 402 367 vel
426 327 662 375 coniectura,
683 324 970 376 experiendum
989 326 1061 363 est.
1088 346 1145 352 —
1172 324 1403 363 exordimur
1426 324 1711 373 interrogantes
1743 323 1838 375 quid
1868 335 1934 362 an-

215 399 352 451 tiquis-
369 398 612 450 temporibus
644 396 840 447 significet
871 396 1035 435 verbum
1070 394 1270 446 στρέφειν.

357 482 435 522 quo
464 469 558 508 inde
594 469 643 507 ab
674 467 836 507 Homeri
876 470 1003 506 aetate
1045 470 1212 506 utuntur
1243 465 1385 506 Graeci
1417 478 1507 505 cum
1538 466 1841 517 exprimendum
1873 469 1935 505 est

214 545 386 583 ‘cursum
415 540 582 580 alicuius
613 536 836 579 deflectere’
857 538 923 578 vel
954 538 1114 589 ‘aliquid
1144 535 1388 577 convertere'
1409 538 1464 576 ita
1494 540 1540 576 ut
1573 537 1803 589 στρέφομαι
1828 537 1934 576 idem

214 614 267 655 sit
295 625 343 654 ac
372 613 568 652 ‘converto
599 607 689 650 me’.
729 610 787 650 sic
804 610 1002 649 Homerus
1032 609 1214 660 inprimis
1244 609 1423 659 aurigam
1444 609 1539 648 dicit
1563 609 1685 660 στρέᾳ
1695 623 1756 648 ειν
1776 609 1935 656 ἵππους

213 684 255 724 id
296 687 358 724 est
396 695 521 735 equos
557 682 727 731 flectere,
769 685 814 720 ut
853 685 1004 721 certum
1044 681 1242 732 quendam
1282 681 1548 732 adipiscantur
1587 681 1719 720 locum
1761 679 1802 733 (o
1836 681 1934 728 205,

212 759 260 797 Ν
284 756 370 796 396
392 772 450 790 =
476 755 630 806 F488,
668 755 811 794 ³1¹323
844 754 893 793 cf.
927 756 966 792 Ω
992 753 1050 804 5),
1082 753 1145 792 vel
1177 753 1296 792 etiam
1326 757 1552 792 convertere
1572 751 1623 805 (Θ
1660 754 1740 792 168
1776 752 1934 800 ἵππους

213 841 257 868 τε
290 826 467 879 στρέψαι
505 827 576 866 καὶ
613 824 855 874 ἐναντίβιον
884 822 1184 878 μαχέσασθαι),
1223 825 1264 863 id
1297 824 1402 875 quod
1431 825 1653 864 accuratius
1685 824 1935 874 significatur

212 899 341 939 verbis
374 894 661 949 ὑποστρέφειν
693 897 852 945 ἵππους
891 899 938 947 (e.
970 909 1008 946 g.
1041 899 1080 936 E
1110 896 1224 947 581).
1290 895 1546 947 στρέφεσθαι
1582 896 1759 935 converti
1788 895 1935 945 legitur

211 983 246 1012 e.
265 983 302 1022 g.
324 974 376 1010 M
393 971 449 1010 41
484 968 531 1009 ἐν
560 965 730 1009 κύνεσσι
750 1000 757 1007 .
774 999 783 1008 .
799 1000 807 1008 .
835 965 1016 1020 κάπριος
1046 964 1094 1019 ἠὲ
1125 967 1236 1008 λέων
1258 962 1479 1019 στρέφεται
1500 963 1642 1007 σθένει
1662 969 1933 1016 βλεμεαίνων,

211 1054 380 1096 quocum
412 1042 590 1081 conferas
622 1044 661 1081 Ε
689 1042 745 1081 40
779 1044 826 1080 Π
851 1041 936 1080 308
969 1043 1009 1080 Σ
1033 1041 1116 1080 139
1148 1040 1198 1079 al.
1231 1063 1285 1068 —-
1319 1040 1370 1079 de
1406 1040 1499 1091 equi
1535 1051 1654 1079 cursu
1691 1039 1934 1079 deflectendo

211 1114 332 1154 etiam
361 1113 643 1165 posterioribus
674 1113 917 1164 temporibus
949 1112 1027 1151 dici
1059 1108 1257 1163 στρέφειν
1287 1115 1328 1151 et
1361 1106 1618 1163 στρέφεσθαι
1648 1111 1820 1150 ostendit
1850 1111 1935 1162 ipse

213 1186 379 1226 Grusius
418 1187 471 1237 (p.
506 1184 588 1234 19).
649 1185 769 1235 igitur
811 1181 974 1236 στροφή
1007 1188 1068 1224 est
1099 1184 1312 1234 conversio,
1353 1179 1545 1235 στροφὴν
1577 1190 1714 1223 ποιεῖν
1751 1183 1857 1222 idem
1888 1195 1936 1222 ac

214 1254 482 1310 στρέφεσθαι,
522 1260 642 1308 atque
676 1256 718 1295 id
750 1256 910 1308 quidem
947 1256 1128 1295 saltantis
1160 1267 1248 1295 esse
1278 1268 1350 1306 per
1381 1268 1423 1295 se
1454 1258 1573 1307 patet.
1637 1255 1708 1294 sed
1733 1267 1784 1294 ex
1815 1254 1934 1294 huius

212 1329 402 1370 sermonis
432 1329 628 1380 exemplis
665 1341 765 1380 quae
795 1340 923 1380 pauca
947 1332 1105 1367 exstare
1136 1328 1323 1367 videntur
1365 1328 1441 1367 hoc
1474 1328 1604 1378 ipsum
1637 1327 1785 1379 liquido
1829 1338 1933 1366 com-

211 1404 326 1453 paret
359 1401 447 1441 fieri
485 1412 563 1440 non
599 1401 776 1451 potuisse
813 1404 858 1439 ut
895 1400 1056 1439 vocibus
1095 1400 1256 1451 stropha
1292 1403 1412 1451 atque
1451 1398 1720 1450 ‘antistropha’
1760 1398 1931 1449 primum

213 1472 382 1513 saltandi
428 1472 597 1523 figurae,
644 1472 789 1512 deinde
838 1472 1075 1511 canticorum
1118 1475 1252 1523 partes
1293 1471 1622 1522 significarentur.
1696 1483 1786 1510 nam
1830 1470 1934 1522 quod

212 1544 524 1591 Acharnensium
553 1545 698 1583 chorus
729 1544 877 1583 saltans
908 1544 950 1582 in
981 1544 1182 1583 orchestra
1212 1543 1439 1595 Dicaeopoli
1469 1543 1621 1582 iubenti
1652 1540 1773 1596 (345)

500 1611 603 1663 τοὺς
632 1617 785 1664 λίθους
817 1612 897 1656 νύν
927 1629 1000 1664 μοι
1030 1615 1193 1667 χαμᾶζε
1224 1616 1399 1666 πρῶτον
1426 1612 1647 1667 ἐξεράσατε

212 1687 423 1740 respondet
1212 1683 1408 1727 κατάθου
1439 1683 1490 1726 τὸ
1521 1683 1649 1735 βέλος

498 1754 558 1807 ὥς
590 1753 672 1799 ὅδε
704 1773 748 1809 γε
781 1755 942 1807 σειστὸς
974 1753 1070 1808 ἅμα
1103 1760 1184 1811 τῆι
1217 1758 1437 1811 στροφῆι
1470 1761 1665 1809 γίγνεται,

212 1831 314 1871 sicut
343 1831 476 1871 Plauti
506 1830 667 1871 Stichus
698 1832 888 1882 gloriatur
919 1834 958 1882 (7
967 1832 1037 1882 70)

497 1903 532 1942 si
562 1903 687 1943 istoc
715 1916 781 1943 me
811 1916 956 1943 vorsu
987 1903 1140 1953 viceris,
1170 1904 1248 1943 alio
1281 1916 1342 1943 me
1373 1906 1595 1955 provocato,

209 1978 331 2027 atque
378 1975 492 2014 Plato
539 1974 781 2025 Euthydem.
834 1976 918 2015 276
971 1975 1007 2014 D
1056 1976 1266 2027 proborum
1314 1975 1543 2014 saltatorum
1593 1974 1780 2014 describit
1827 1977 1933 2013 artes

210 2047 344 2087 verbis
382 2047 462 2087 illis
514 2040 657 2099 ὥσπερ
709 2047 750 2087 οἱ
804 2044 962 2098 ἀγαθοὶ
1013 2044 1232 2099 ὀρχησταί,
1276 2047 1403 2086 διπλᾶ
1453 2045 1622 2097 ἔστρεφε
1672 2042 1725 2086 τὰ
1777 2042 1934 2098 ἐρωτή-

211 2132 335 2171 ματα,
372 2118 423 2159 de
454 2118 621 2169 singulis
651 2119 761 2169 gyris
794 2131 892 2171 quos
925 2120 1114 2159 saltantes
1154 2119 1336 2159 efficiunt
1376 2119 1450 2158 hoc
1481 2118 1558 2157 dici
1589 2119 1813 2170 bonumque
1845 2130 1934 2158 esse

211 2190 437 2231 saltatorem
474 2190 543 2242 qui
586 2190 647 2230 bis
671 2191 798 2242 possit
829 2203 872 2231 se
902 2188 1130 2231 convertere
1167 2191 1306 2230 eodem
1343 2202 1578 2242 permanens
1615 2190 1714 2243 loco,
1752 2193 1933 2241 apertum

211 2267 284 2303 est.
327 2265 371 2302 at
409 2262 604 2314 quomodo
643 2262 802 2313 longam
842 2263 1077 2302 cantilenam
1118 2263 1319 2314 stropham
1356 2263 1558 2302 nominare
1593 2262 1805 2313 potuerint,
1841 2274 1933 2301 cum

210 2334 311 2374 tales
350 2335 534 2386 στροφαί
574 2334 793 2386 permultae
835 2335 1100 2386 perficiendae
1141 2338 1285 2384 essent,
1336 2334 1510 2386 quidque
1554 2334 1607 2373 sit
1650 2331 1933 2385 ‘antistropha',

210 2405 286 2446 hae
314 2405 471 2458 quidem
501 2406 784 2458 interpretandi
815 2407 877 2446 via
908 2407 1062 2446 ostendi
1092 2406 1240 2458 nequit.
1314 2454 1341 2475 x

353 2477 396 2517 in
428 2477 532 2517 viam
563 2490 695 2518 veram
728 2490 799 2518 nos
829 2478 1023 2518 inducunt
1053 2478 1231 2518 nonnulli
1262 2478 1499 2517 comicorum
1529 2489 1679 2529 versus,
1716 2478 1792 2516 iam
1823 2477 1933 2517 allati

210 2560 236 2588 a
266 2547 403 2588 Crusio
434 2549 504 2589 sed
534 2562 676 2601 parum
706 2553 815 2590 recte
845 2550 920 2590 nisi
951 2549 1066 2590 fallor
1096 2550 1307 2601 explanati.

355 2620 638 2673 Aristophanes
663 2621 820 2663 Thesm.
845 2623 900 2662 68
933 2622 1151 2672 Agathonis
1182 2634 1340 2661 servum
1371 2622 1470 2661 haec
1499 2621 1659 2660 induxit
1688 2621 1932 2672 loquentem:

1026 2689 1248 2748 (Ἀγάθων)
1280 2691 1430 2743 ἔξεισιν
1461 2687 1584 2743 τάχα.

569 2766 640 2804 καὶ
672 2761 754 2816 γὰρ
786 2768 1026 2813 μελοποιεῖν
1058 2761 1229 2817 ἄρχεται
1244 2765 1476 2815 ’χειμῶνος
1507 2759 1588 2804 οὖν

574 2831 701 2885 ὄντος
731 2830 1046 2885 κατακάμπτειν
1079 2833 1156 2885 τὰς
1187 2833 1375 2887 στροφὰς
1405 2832 1459 2876 οὐ
1493 2830 1659 2886 ῥάιόιον

573 2902 627 2958 ἦν
656 2904 711 2956 μὶ
747 2909 867 2948 ποιΐι
899 2903 1059 2960 θύρασι
1091 2904 1199 2959 πρὸς
1231 2904 1308 2948 τὸν
1339 2902 1474 2958 ἥλιον,
