2210 3340
939 240 1234 282 -53-

372 360 492 410 atque
541 371 647 398 nunc
684 359 843 398 tandem
884 362 1044 411 tempus
1074 360 1351 400 Prometheum
1393 361 1611 412 iniungere,
1652 363 1798 415 quippe
1838 363 1950 403 cuius

228 428 383 484 fabulae
420 429 592 480 parodus
631 442 678 470 ea
715 430 909 470 instructa
939 430 992 470 sit
1020 431 1145 470 forma
1184 444 1284 483 quae
1320 432 1362 471 in
1406 444 1482 472 usu
1512 433 1712 485 Euripidis
1742 436 1818 475 fuit
1847 435 1951 475 intra

229 512 353 540 annos
383 501 588 541 438—31
605 500 648 550 1),
692 513 782 541 nam
826 501 933 541 solae
977 502 1214 554 epiparodus
1259 503 1344 543 Alc.
1378 501 1498 558 (861)
1536 517 1618 555 par.
1662 505 1777 556 Med,
1821 507 1949 547 Prom.

230 572 470 624 compositae
499 575 593 612 sunt
621 571 696 611 hac
724 572 893 612 ratione:

375 656 412 695 1.
444 655 584 695 histrio
614 659 849 707 anapaestos
879 656 1031 696 recitat.

373 739 412 778 2.
443 738 588 779 chorus
624 742 756 779 cantat
791 740 973 792 strophas
1004 740 1151 791 lyricas
1181 741 1250 781 illo
1281 741 1451 792 singulis
1483 743 1656 794 strophis
1688 744 1951 795 subiungente

227 812 473 862 anapaestos.

371 905 458 946 Alc.
495 905 754 957 epiparodum
791 918 1018 958 comparare
1055 920 1145 947 cum
1185 908 1344 959 parodis
1380 908 1480 960 ipsis
1515 909 1678 950 minime
1715 910 1863 962 dubito,
1906 916 1952 952 ut

228 989 349 1029 quam
391 989 463 1017 suo
505 978 663 1017 arbitrio
694 990 929 1029 componere
959 991 1038 1018 non
1077 980 1211 1019 minus
1250 979 1407 1020 licuerit
1435 984 1574 1032 poetae
1611 994 1730 1033 quam
1759 984 1950 1034 parodum

229 1048 356 1103 (velut
385 1049 473 1089 Hel.
505 1051 590 1089 515
623 1049 777 1090 Helena
817 1062 910 1090 cum
949 1051 1066 1090 choro
1107 1052 1148 1090 in
1180 1063 1363 1091 scaenam
1403 1064 1564 1092 reversa
1604 1053 1641 1093 is
1679 1054 1787 1094 solus
1809 1059 1952 1106 ‘cantat

228 1133 387 1162 carmen
425 1121 656 1173 astrophum
694 1122 766 1162 illa
795 1125 885 1174 post
924 1123 1122 1163 canticum
1161 1124 1402 1175 suscipiente
1441 1125 1587 1175 verba),
1625 1138 1756 1177 neque
1786 1127 1828 1166 id
1857 1139 1951 1166 curo

228 1193 333 1244 quod
375 1192 600 1233 Promethei
630 1194 814 1234 monodia
842 1198 1000 1246 praeter
1029 1199 1263 1246 anapaestos
1299 1208 1376 1235 non
1407 1197 1540 1236 nullos
1568 1197 1731 1238 exhibet
1761 1198 1952 1238 baccheos

227 1265 351 1317 (115)
380 1265 533 1306 iambos
562 1266 710 1316 lyricos
731 1266 969 1318 (116—17)
1001 1267 1201 1308 trimetros
1223 1265 1484 1322 (118-19);
1515 1269 1610 1309 huic
1640 1270 1747 1309 enim
1765 1281 1951 1309 versuum

227 1339 379 1377 moreto
420 1338 526 1390 quod
569 1338 698 1378 simile
741 1339 795 1378 sit
836 1351 965 1391 neque
1006 1340 1114 1391 apud
1150 1340 1395 1390 Aeschylum
1439 1341 1637 1392 reperitur
1679 1353 1806 1393 neque
1845 1341 1951 1393 apud

227 1409 467 1450 recentiores
509 1410 638 1462 (Beth.
681 1423 719 1462 p.
755 1411 873 1462 163);
912 1424 1153 1463 quamquam
1182 1412 1513 1452 Wilamowitzius
1549 1413 1711 1464 quidem
1748 1413 1840 1465 quia
1870 1413 1950 1453 sin-

229 1481 379 1532 gularis
410 1481 462 1522 sit
491 1482 613 1522 totius
650 1483 786 1534 parodi
816 1484 952 1533 forma,
989 1496 1034 1524 ea
1065 1484 1116 1524 de
1154 1495 1273 1524 causa
1310 1484 1551 1535 singularem
1583 1496 1670 1524 eam
1699 1487 1814 1536 putat
1843 1488 1952 1524 ante-

229 1552 370 1594 cedere
409 1554 642 1594 monodiam.
704 1559 794 1607 post
829 1559 961 1596 autem
992 1568 1138 1596 annum
1169 1557 1255 1596 431
1287 1557 1387 1596 haec
1418 1557 1579 1608 quidem
1608 1557 1734 1596 forma
1765 1569 1844 1596 non
1873 1557 1952 1596 iam

229 1627 363 1665 exstat
378 1624 422 1675 ²),
453 1626 524 1666 sed
554 1627 641 1678 ipsa
671 1640 828 1679 quoque
859 1628 1088 1679 progeniem
1112 1629 1346 1679 procreavit.
1384 1629 1466 1668 nati
1491 1632 1584 1668 sunt
1603 1640 1655 1668 ex
1672 1640 1719 1668 ea
1753 1630 1790 1668 1.
1810 1628 1952 1667 commi

228 1708 252 1736 e
281 1697 403 1737 meris
433 1699 640 1750 compositi
670 1700 911 1751 anapaestis:
942 1712 1024 1751 par.
1056 1700 1151 1739 Hec.
1184 1700 1370 1752 (maxima
1400 1713 1452 1740 ex
1477 1700 1600 1752 parte)
1634 1699 1772 1740 Troad.
1798 1700 1884 1751 Iph.
1907 1699 1950 1740 Τ.

231 1769 270 1809 2.
313 1769 456 1809 commi
497 1770 633 1820 lyrici:
678 1771 823 1812 Electr.
861 1771 981 1823 Soph.
1019 1771 1124 1821 Eur„
1168 1771 1258 1812 Hel.
1300 1772 1513 1823 Hypsipyl.
1558 1770 1624 1811 Or.
1668 1769 1952 1825 (Andromeda,

229 1841 356 1881 Alcm.
376 1840 492 1894 Con).
523 1842 709 1883 Hecubae
739 1855 831 1882 vero
862 1843 1034 1894 parodus
1063 1843 1273 1895 antiquiori
1302 1843 1362 1882 illi
1385 1855 1431 1883 eo
1461 1843 1644 1894 inprimis
1675 1843 1816 1882 similis
1847 1843 1953 1894 quod

229 1912 382 1952 cantico
421 1913 528 1953 chori
568 1915 682 1966 quasi
721 1915 889 1955 rescisso
928 1916 1173 1966 coryphaeus
1214 1915 1323 1954 solus
1361 1913 1484 1967 ῥῆσιν
1515 1915 1805 1966 anapaesticam
1835 1915 1952 1954 habet

229 1984 492 2036 propinquam
522 1986 830 2036 Agamemnonis
860 1987 1016 2038 parodo.
1050 2009 1106 2015 —
1132 1986 1347 2038 Sophocles
1378 1989 1512 2026 autem
1540 1986 1692 2026 ultimis
1723 1986 1826 2025 vitae
1857 1998 1952 2025 suae

229 2056 472 2108 temporibus
511 2058 638 2097 forma
676 2058 746 2097 illa
784 2071 976 2098 annorum
1018 2059 1225 2098 440-30
1268 2057 1360 2110 (ΙΠ)
1402 2070 1501 2097 usus
1542 2062 1605 2097 est
1645 2058 1702 2097 ita
1734 2058 1879 2097 variata
1908 2060 1953 2096 ut

230 2128 453 2179 anapaestis
490 2132 582 2169 ante
623 2130 826 2169 choricum
866 2130 1031 2170 sublatis
1070 2133 1373 2181 anapaestorum
1415 2130 1524 2169 chori
1555 2130 1726 2181 strophis
1757 2129 1952 2181 prioribus

230 2200 540 2251 postpositorum
578 2201 871 2252 participaverit
906 2205 946 2241 et
982 2202 1250 2252 coryphaeum
1291 2204 1332 2241 et
1370 2201 1601 2241 histrionem
1632 2201 1697 2240 vel
1727 2201 1951 2240 histriones.

232 2270 290 2311 sic
302 2275 431 2311 ortum
450 2276 511 2311 est
529 2272 726 2312 canticum
744 2273 870 2312 multa
881 2273 923 2312 in
940 2276 1133 2312 commata
1148 2273 1261 2324 quasi
1277 2273 1521 2323 discerptum
1538 2271 1635 2325 (par.
1649 2273 1815 2312 Philoct.
1830 2271 1872 2311 O.
1883 2271 1951 2321 O.).

233 2447 360 2493 Anti„
395 2448 476 2493 post
500 2447 664 2494 strophas
689 2446 846 2494 singulas
879 2447 1062 2484 histrionis
1096 2447 1188 2494 (Alc.
1222 2448 1349 2492 Andr.)
1383 2447 1442 2484 vel
1477 2447 1666 2493 coryphaei
1702 2447 1838 2493 (Antg.)
1871 2456 1952 2482 ana-

233 2506 391 2552 paestico.
413 2509 620 2553 systemata,
646 2507 771 2543 iambis
796 2508 1064 2554 insequentibus
1083 2508 1120 2543 in
1139 2510 1262 2554 Antg..
1288 2507 1582 2543 antecedentibus
1608 2507 1644 2542 in
1662 2507 1737 2543 Alc.
1763 2506 1845 2542 hinc
1870 2506 1953 2552 quid

234 2568 415 2614 sequatur,
447 2566 558 2603 lector
583 2567 701 2603 sentit.
729 2568 776 2603 cf.
802 2579 836 2613 p.
862 2567 920 2603 42.

378 2637 409 2684 ¹)
437 2637 537 2675 Beth.
563 2638 658 2674 Prol.
680 2650 713 2684 p.
734 2639 800 2675 167
827 2639 973 2675 iudicat:
1000 2639 1057 2675 die
1084 2639 1236 2684 parodus
1262 2639 1326 2675 des
1356 2638 1591 2674 Prometheus
1615 2638 1711 2674 kann
1735 2638 1773 2673 in
1798 2638 1860 2673 der
1884 2647 1952 2672 uns

234 2696 485 2742 vorliegenden
522 2698 616 2734 form
654 2699 729 2734 erst
754 2709 818 2734 aus
842 2699 911 2734 den
936 2698 1134 2743 zwanziger
1157 2699 1285 2744 J‘ahren
1320 2698 1526 2734 friihestens
1559 2699 1736 2734 stammen
1770 2718 1815 2723 —
1849 2707 1953 2742 argu·

235 2759 357 2793 menta
380 2767 471 2803 quae
495 2758 606 2793 affert
638 2759 700 2793 aut
724 2757 826 2793 nihili
859 2768 937 2794 esse
962 2757 1173 2794 crediderim
1210 2760 1271 2794 aut
1308 2757 1486 2793 contraria
1524 2758 1555 2792 ei
1594 2768 1699 2802 quam
1734 2757 1809 2802 ipse
1846 2756 1954 2792 edidit

234 2817 444 2853 sententiae.

380 2887 408 2933 ²)
432 2888 543 2924 Rhesi
579 2888 720 2925 fabulae
758 2890 880 2925 auctor
917 2899 1022 2935 quem
1061 2888 1279 2935 antiquiores
1313 2888 1475 2934 inprimis
1507 2887 1719 2933 Sophocleas
1756 2887 1953 2933 tragoedias

234 2948 414 2984 imitatum
440 2958 518 2984 esse
550 2949 696 2994 constat,
730 2948 946 2994 anapaestici
976 2947 1112 2994 prologi
1144 2947 1350 2984 histrionem
1383 2958 1523 2994 quoque
1554 2947 1762 2993 participem
1792 2947 1952 2984 reddidit.
