2210 3340
931 242 1225 284 -19-

224 357 568 413 ἀπεστραμμένα
600 362 741 412 Polyb.
772 361 843 410 VI,
876 363 945 410 32,
979 363 1003 402 6
1047 357 1125 401 δύο
1159 358 1355 413 στρατιὰς
1396 359 1760 413 ἀντεστραμμὲνας
1792 359 1942 411 αὐταῖς

223 434 272 474 cf.
299 428 662 486 κατεστραμμένος
680 433 840 472 Aristot.
856 433 970 472 Rhet.
991 433 1065 480 111,
1083 434 1106 472 9
1125 434 1188 486 (cf.
1202 445 1240 484 p.
1261 434 1340 484 18).
1402 433 1537 484 itaque
1569 433 1763 486 Sapphus,
1794 434 1942 478 Alcaei,

223 504 484 546 Anacreontis
514 504 688 544 carmina
720 507 829 543 erant
860 502 905 543 ἐν
937 499 1236 555 ἀντιστρόφοις
1268 516 1321 543 se.
1352 513 1564 555 στροφαῖς.
1627 506 1698 544 sed
1729 518 1820 545 cum
1850 518 1941 558 epo·

223 576 312 617 dica
341 588 441 628 quae
470 587 657 616 vocamus
695 576 846 615 cantica
884 587 1118 626 componere
1149 576 1376 628 coepissent,
1408 576 1450 615 in
1481 576 1625 627 quibus
1656 577 1757 617 duae
1788 580 1941 617 tantum

220 648 476 688 cantabantur
511 645 773 698 ‘antistrophi'
804 647 942 699 epodis
979 647 1067 686 aliis
1094 642 1304 687 'instructis
1340 648 1515 687 numeris
1550 649 1800 699 stropharum
1837 649 1940 700 pari-

221 719 296 759 bus
316 717 485 769 singulis
514 718 678 770 insuper
707 719 864 772 additis,
896 731 1065 770 cumque
1095 719 1236 769 tragici
1267 719 1482 770 comicique
1506 723 1646 771 poetae
1676 720 1753 771 ipsi
1784 733 1941 772 quoque

222 790 333 830 binas
363 792 520 830 tantum
549 790 788 842 respondere
825 791 975 830 vellent
1018 791 1211 843 strophas,
1254 794 1339 830 tum
1384 791 1544 830 demum
1587 792 1629 830 ni
1671 793 1787 831 fallor
1833 789 1942 832 ἀντί-

223 870 410 913 στροφος
441 861 564 902 altera
597 863 681 902 sola
711 875 804 914 pars
833 866 972 902 vocata
1015 866 1076 902 est
1117 862 1172 902 ita
1202 866 1247 902 ut
1278 863 1351 902 sibi
1390 863 1677 914 responderent
1718 860 1742 914 ἡ
1779 860 1940 916 στροφή

219 936 260 974 et
304 931 329 985 ἡ
375 930 670 985 ἀντίστροφος.
734 946 851 985 quam
883 946 954 974 cur
982 946 1062 973 non
1097 930 1384 986 ἀντιστροφήν
1414 935 1716 985 nominaverint,
1759 936 1852 975 inde
1882 936 1941 974 in·

219 1005 433 1057 tellegitur,
471 1005 576 1057 quod
610 1002 634 1057 ἡ
669 1000 930 1057 ἀντιστροφή
961 1009 1024 1046 est
1053 1006 1141 1057 ipsa
1174 1006 1244 1046 illa
1283 1006 1384 1046 actio
1420 1007 1670 1046 convertendi
1688 1006 1730 1059 1),
1775 1003 1798 1059 ἡ
1830 1004 1940 1047 ἀντί·

223 1085 409 1130 στροφος
438 1077 545 1129 quod
581 1077 733 1117 actione
770 1077 1024 1117 convertendi
1055 1078 1242 1117 effectum
1273 1081 1346 1129 est,
1379 1078 1437 1118 sic
1467 1079 1525 1117 uti
1555 1091 1651 1118 voce
1683 1075 1944 1131 παραγραφή

218 1149 406 1202 primitus
436 1149 683 1200 significatur
715 1146 764 1189 τὸ
795 1145 1101 1201 παραγράφειν,
1154 1162 1247 1189 voce
1279 1147 1303 1202 ἠ
1337 1145 1622 1203 παράγραφος
1666 1147 1715 1190 τὸ
1757 1164 1941 1202 παραγε-

221 1217 477 1274 γραμμένον.

367 1293 443 1332 hoc
473 1305 566 1332 vero
598 1293 713 1332 modo
743 1305 832 1332 cum
867 1293 1046 1344 opposita
1075 1297 1211 1333 essent
1242 1294 1404 1345 stropha
1445 1297 1484 1333 et
1523 1295 1793 1346 antistrophus
1833 1294 1941 1345 quod

219 1364 501 1416 posterioribus
532 1365 777 1416 temporibus
807 1377 880 1416 pro
914 1362 1196 1417 ἀντίστροφος
1235 1378 1307 1417 per
1346 1366 1567 1417 analogiam
1598 1367 1848 1417 suppositum
1880 1369 1943 1406 est

218 1437 384 1477 verbum
417 1432 442 1488 ἡ
478 1431 753 1489 ἀντιστροφή,
796 1437 943 1476 mirum
973 1450 1053 1476 non
1084 1440 1156 1476 est.
1219 1437 1436 1476 notandum
1477 1441 1608 1477 autem
1650 1450 1787 1477 vocem
1830 1434 1940 1478 ἀντι-

222 1503 416 1560 στροφήν
444 1508 520 1549 hac
550 1508 710 1560 quidem
743 1508 1028 1559 significatione
1059 1509 1276 1560 praeditam
1303 1521 1380 1548 non
1398 1509 1569 1549 inveniri
1587 1513 1678 1549 aute
1698 1510 1941 1560 Byzantinae

218 1579 360 1620 aetatis
380 1580 591 1632 scriptores
621 1580 729 1632 apud
746 1579 928 1634 Graecos,
951 1581 1073 1620 veluti
1096 1581 1258 1621 Tzetzes
1282 1581 1407 1621 utitur
1437 1585 1478 1621 et
1507 1582 1626 1621 verbo
1659 1578 1941 1634 ἀντίστροφος

220 1651 286 1704 (cf.
317 1664 351 1692 e.
383 1665 419 1703 g.
451 1651 600 1692 Kaibel.
633 1665 671 1704 p.
703 1653 774 1702 41,
819 1666 854 1692 v,
889 1653 960 1705 29)
1003 1656 1043 1692 et
1088 1649 1350 1704 ἀντιστροφή
1394 1654 1443 1703 (e.
1475 1666 1513 1704 g.
1545 1666 1584 1705 p.
1615 1654 1686 1706 41,
1718 1654 1803 1704 49),
1834 1654 1939 1705 apud

218 1723 379 1764 Latinos
409 1736 487 1764 non
517 1729 608 1764 ante
639 1724 807 1764 Marium
838 1725 1086 1764 Victorinum
1130 1726 1192 1775 (cf.
1226 1724 1398 1765 Gramm.
1431 1725 1517 1766 Lat.
1548 1725 1608 1764 VI
1640 1739 1678 1777 p.
1712 1727 1767 1765 59
1802 1726 1848 1766 K.
1880 1729 1941 1765 ter

218 1796 512 1847 antistrophus3
553 1809 590 1847 p.
625 1797 693 1846 52,
729 1798 795 1836 17.
829 1798 897 1846 58,
931 1799 969 1836 5.
1004 1797 1101 1846 259,
1135 1798 1159 1836 3
1201 1798 1446 1848 antistrophe
1487 1797 1551 1837 vel
1595 1794 1855 1849 ἀντιστροφή
1874 1797 1939 1849 2)).

361 2011 452 2038 cum
494 1999 631 2050 paucis
674 1999 762 2039 fieri
804 2000 932 2051 possit
962 2000 1024 2039 vel
1062 2000 1112 2039 de
1148 2001 1286 2051 epodi
1328 2001 1447 2040 verbo
1483 2001 1548 2039 hic
1584 2012 1757 2051 agamus.
1820 2004 1941 2052 atque

218 2069 551 2123 Hephaestionem
587 2071 831 2122 distinguere
863 2067 941 2111 τὸν
972 2066 1158 2112 ἐπωιὸόν
1189 2075 1229 2111 et
1260 2068 1340 2123 τὴν
1371 2069 1555 2112 ἐπωιὸόν
1587 2076 1723 2112 notum
1755 2075 1832 2112 est:
1871 2072 1941 2111 ille

217 2145 281 2182 est
323 2154 461 2182 versus
504 2155 582 2194 quo
611 2143 762 2182 Aeolici
793 2143 992 2195 Ionicique
1034 2147 1172 2195 poetae
1215 2144 1399 2183 claudere
1442 2145 1570 2184 solent
1604 2145 1786 2195 strophas
1816 2144 1940 2183 veluti

217 2213 390 2254 adoneus
434 2213 631 2266 Sapphus,
672 2227 812 2254 versus
850 2213 1009 2267 ‘quiin
1053 2216 1137 2254 fine
1177 2219 1316 2255 cantus
1353 2214 1536 2266 additur'‚
1567 2217 1666 2256 haec
1701 2228 1793 2267 pars
1824 2216 1941 2255 tertia

218 2286 468 2337 stropharum
505 2286 644 2326 triadis
675 2287 812 2338 quales
843 2287 1097 2326 occidentalis
1129 2286 1313 2327 Graeciae
1344 2291 1484 2339 poetae
1515 2288 1809 2339 componebant.
1871 2288 1939 2338 qui

217 2369 307 2396 cum
348 2357 538 2397 haberent
580 2353 660 2409 τὴν
705 2355 898 2410 στροφήν
940 2365 1058 2410 atque
1104 2355 1182 2410 τὴν
1237 2356 1540 2411 ἀντίστροφον,
1582 2359 1819 2399 addiderunt
1859 2357 1941 2410 τὴν

115 2481 122 2488 Ο
179 2461 182 2464 ⁴
219 2426 417 2490 ἐπωιᾷὀν.
494 2430 564 2469 sed
608 2430 896 2469 substantivum
943 2430 1120 2482 aliquod,
1163 2431 1287 2470 veluti
1333 2427 1468 2482 ώιὸήν
1512 2431 1577 2470 vel
1621 2432 1827 2482 περίοδον,
1873 2443 1940 2470 eos

339 2580 368 2624 ¹)
394 2575 631 2629 ἆντιστροφὴ
668 2582 760 2627 apud
797 2581 1027 2618 Aristotelem
1059 2583 1151 2627 apud
1188 2593 1294 2628 quem
1329 2583 1482 2628 primum
1516 2593 1583 2618 vox
1622 2585 1761 2618 exstare
1799 2582 1942 2618 videtur

219 2641 276 2675 est
307 2640 483 2676 nofiorum
516 2641 700 2676 conversio
738 2651 828 2686 quae
860 2641 1048 2677 adhibetur
1085 2642 1122 2676 in
1148 2641 1433 2678 conclusionibus
1459 2643 1518 2687 (cf.
1547 2653 1576 2677 e.
1603 2653 1635 2688 g.
1664 2643 1805 2687 Analyt.
1833 2642 1938 2688 prior.

218 2702 251 2735 A
272 2713 296 2736 α
314 2700 336 2735 3
362 2699 429 2736 25⁵
447 2699 786 2748 4ΟΞμεταλλαγὴ
814 2705 891 2738 τῶν
918 2703 981 2748 τῆς
1005 2701 1229 2749 προτάσεως
1254 2696 1361 2749 (όρων
1386 2702 1522 2737 Bonitz.
1545 2702 1626 2738 ibid.
1653 2702 1727 2738 38⁸
1747 2704 1767 2737 3
1788 2716 1834 2734 =
1854 2713 1939 2737 cou-

218 2758 335 2795 versio
362 2758 404 2796 ἐκ
427 2759 684 2806 καταφάσεως
709 2760 764 2804 εἰς
789 2757 988 2808 ἀπόφασιν
1013 2763 1079 2798 καὶ
1105 2758 1298 2798 ἀνάπαλιν
1324 2762 1487 2807 Bonitz.).

340 2830 368 2877 ²)
393 2832 550 2867 ceterum
582 2833 709 2868 adnoto
740 2833 974 2868 demonstrari
1007 2843 1110 2878 posse
1138 2835 1277 2869 veteres
1308 2834 1451 2879 quidem
1477 2834 1629 2869 Graecos
1662 2844 1720 2868 eas
1745 2833 1940 2869 comoediae

218 2893 336 2937 partes
366 2901 456 2936 quae
494 2892 709 2927 antecedunt
742 2892 982 2937 epirrhemata
1019 2903 1164 2928 vocasse
1205 2904 1277 2929 non
1318 2889 1438 2955 ὠιδήν
1476 2895 1582 2938 atque
1621 2889 1822 2941 ἀντωιδὴν,
1875 2893 1939 2928 sed

220 2949 395 2998 στροφήν
419 2954 527 2996 atque
554 2945 825 2998 ἀντίστροφον.

1650 3024 1697 3060 2*
