2210 3340
946 230 1240 272 -59-

236 365 284 394 ac
313 353 423 393 Pers.
457 353 542 393 628
562 351 688 404 praeit
708 352 825 392 choro
843 350 1008 390 deorum
1026 350 1312 389 invocationem
1334 349 1446 402 (cor.:
1479 346 1581 397 Ζεύς
1600 346 1792 401 ἐφορεύοι
1806 372 1860 378 -
1875 361 1953 401 quo

237 425 289 465 de
320 425 437 481 verbo
467 423 558 464 vide
578 423 748 474 Ziegleri
767 422 818 461 de
836 422 1105 473 precationum
1121 421 1259 460 formis
1284 420 1597 461 dissertationem
1616 433 1654 472 p.
1679 422 1730 460 71
1757 442 1813 450 —
1831 416 1954 469 τιμὰς

238 492 406 548 τέρμον’
451 491 694 544 ἀμέμπτους
744 490 986 546 (Schwartzz
1040 489 1285 544 ἀμέμπτων)
1327 487 1435 543 πρὸς
1480 485 1648 531 ἅπαντα
1691 492 1814 531 chon:
1861 493 1954 532 θεοὶ

239 569 446 618 Διογενεῖς
475 562 632 607 κλύοιτ’
666 561 840 605 εὐκταῖα
869 560 1072 614 χεούσας),
1103 564 1176 603 hoc
1207 567 1289 603 tam
1319 564 1508 613 exiguum
1541 564 1719 615 sequitur
1758 564 1953 603 canticum

237 639 302 680 cui
330 641 606 690 argumentum
637 649 761 688 paene
791 650 868 676 non
899 637 961 676 sit.

379 722 440 761 uti
482 722 600 761 verba
640 722 783 772 quibus
812 721 1000 760 indicitur
1030 720 1232 759 eboricum
1272 722 1429 771 poetam
1471 718 1637 758 subinde
1677 719 1953 758 attribuentem

235 793 411 834 vidimus
429 793 595 833 diverbii
626 793 778 843 iambis,
808 793 863 831 ita
895 793 1112 831 sententias
1144 803 1300 843 quoque
1325 791 1472 830 chorici
1490 790 1596 830 haud
1617 802 1704 829 raro
1724 790 1954 829 histrionem

235 865 333 906 fecit
362 865 648 917 disponentem.
710 865 824 903 cuius
854 864 951 903 artis
983 875 1032 902 ne
1063 863 1260 913 longiores
1293 861 1419 901 simus
1456 862 1534 901 duo
1576 865 1730 901 tantum
1774 865 1954 901 notamus

236 937 419 989 exempla
450 949 502 976 ex
532 936 647 976 Eum.
679 936 811 975 fabula
841 936 963 986 petita
995 933 1157 989 (epirrh.
1193 935 1288 974 916.
1324 933 1435 984 778).

197 1002 201 1008 ’
380 1008 541 1049 tandem
584 1009 782 1060 persuasit
812 1007 941 1047 Furiis
979 1007 1158 1047 Minerva
1200 1010 1245 1046 ut
1286 1006 1480 1057 accipiant
1523 1005 1657 1045 sedem
1700 1005 1740 1044 in
1773 1004 1956 1055 Acropoli

382 1081 467 1120 900
523 1082 626 1131 Χορ.
660 1077 829 1129 θέλξειν
858 1075 901 1127 μ’
922 1077 1062 1126 ἔοικας
1093 1079 1163 1118 καὶ
1194 1080 1449 1126 μεθίσταμαι
1479 1073 1617 1117 κότου.

522 1149 602 1192 Ἀθ.
659 1147 809 1201 τοιγὰρ
840 1144 949 1190 κατὰ
978 1146 1103 1200 χθόν’
1128 1142 1222 1190 οὖσ’
1254 1145 1470 1200 ἐπικτῄσηι
1501 1151 1663 1198 φίλους.

522 1226 626 1274 Χορ.
661 1224 708 1262 τί
738 1215 831 1262 οὖν
861 1218 903 1270 μ’
926 1217 1127 1272 ἄνωγας
1158 1219 1266 1272 τῆιὸ’
1288 1219 1577 1271 ἐφυμνῆσαι
1606 1222 1758 1269 χθονί;

381 1295 422 1334 hi
455 1307 595 1334 versus
626 1307 722 1333 num
753 1298 859 1334 recte
891 1306 935 1333 se
965 1294 1195 1344 excipiunt?
1257 1286 1339 1333 οὖν
1369 1293 1471 1331 illud
1500 1305 1598 1330 num
1637 1294 1743 1331 recte
1782 1292 1955 1342 positum

236 1369 327 1408 est?
388 1364 514 1419 quid?
585 1366 762 1406 Minerva
803 1366 1026 1417 speravitne
1066 1365 1204 1404 Furias
1242 1358 1380 1413 ὕμνον
1419 1367 1642 1403 cantaturas
1681 1375 1752 1414 pro
1789 1364 1956 1403 Athenis

237 1451 339 1491 quae
363 1451 440 1478 non
465 1438 615 1477 diutius
640 1450 683 1477 se
707 1438 876 1477 iraturas
908 1449 996 1477 esse
1026 1438 1138 1489 quasi
1169 1437 1314 1476 invitae
1346 1434 1519 1490 (ἔοικας)
1550 1447 1668 1474 versu
1698 1435 1956 1475 antecedente

236 1507 530 1551 concesserint?
592 1522 687 1548 num
718 1510 846 1561 potuit
877 1507 1064 1560 sperare?
1126 1521 1203 1548 non
1234 1509 1373 1560 potuit,
1412 1520 1485 1547 nec
1522 1510 1628 1546 recte
1659 1507 1831 1558 positum
1863 1498 1956 1557 οὖν,

235 1587 366 1622 tamen
397 1594 537 1622 versus
568 1581 655 1620 vitii
687 1593 778 1621 esse
807 1582 1004 1621 immunes
1034 1581 1148 1620 facile
1179 1580 1372 1620 concedes
1408 1579 1525 1619 modo
1556 1579 1823 1618 reminiscaris
1853 1591 1955 1618 vers.

237 1654 376 1706 Suppl.
409 1655 493 1694 517
497 1650 516 1708 s
522 1654 574 1693 18
617 1653 686 1704 qui
718 1666 837 1704 supra
868 1653 977 1692 allati
1011 1657 1114 1695 sunt.
1176 1656 1217 1692 et
1255 1652 1340 1691 illic
1379 1655 1420 1691 et
1458 1652 1523 1690 hic
1562 1655 1679 1702 poeta
1718 1650 1955 1690 transiturus

234 1726 286 1765 ad
317 1729 478 1766 cantum
509 1725 783 1777 insequentem
816 1726 901 1764 eius
934 1725 1148 1764 sententias
1178 1724 1257 1763 iam
1287 1724 1336 1763 ab
1367 1723 1558 1762 histrione
1588 1723 1755 1774 proferri
1778 1735 1825 1762 ac
1843 1723 1957 1773 quasi

237 1797 394 1849 disponi
441 1797 576 1838 voluit.
637 1798 812 1848 perfecto
856 1797 963 1836 enim
1006 1796 1175 1836 transitu
1218 1796 1286 1834 illo
1331 1795 1506 1834 Minerva
1550 1794 1661 1845 quasi
1704 1794 1958 1845 praesciverit

234 1869 329 1909 talia
361 1881 412 1908 ex
443 1881 487 1909 se
518 1869 744 1920 quaesitum
774 1868 836 1920 iri,
867 1868 1171 1918 diligentissime
1203 1879 1304 1918 quae
1323 1866 1473 1906 cantari
1491 1866 1600 1917 cupit
1631 1866 1749 1906 choro
1780 1866 1954 1917 exponit.

237 1953 357 1993 quem
388 1941 569 1980 restricte
600 1941 808 1980 observare
839 1940 936 1979 deae
967 1943 1175 1990 praecepta
1205 1940 1291 1990 ipse
1322 1938 1474 1978 videas:

415 2012 572 2063 optari
602 2012 734 2051 iubet
764 2011 850 2051 dea
1396 2014 1530 2061 optat
1560 2010 1733 2049 chorus

236 2085 411 2125 904—6
450 2088 666 2134 tempestas
710 2095 848 2123 serena
886 2083 939 2122 sit
980 2095 1026 2122 ac
1171 2097 1197 2122 α
1230 2081 1295 2122 Sol
1312 2083 1443 2121 faveat
1453 2081 1607 2131 Terrae,
1628 2084 1673 2120 ut
1682 2082 1835 2121 fructus
1855 2081 1956 2120 edat.

446 2155 617 2195 fecunda
627 2154 671 2206 1).

234 2228 411 2268 907—8
449 2239 499 2267 ne
538 2232 644 2267 terra
681 2239 822 2278 pecora
851 2228 1024 2266 fructum
1171 2220 1215 2265 α’
1244 2227 1445 2265 fructuosa
1490 2225 1571 2264 sint
1610 2226 1769 2264 arbores
1813 2235 1957 2276 pecora

447 2299 551 2338 ferre
582 2310 767 2350 umquam
799 2298 991 2338 desinant.
1241 2297 1409 2337 metalla.

237 2371 322 2411 909
450 2370 655 2409 hominum
685 2370 893 2421 progenies
930 2382 1020 2409 con—
1166 2372 1194 2418 β
1241 2370 1378 2420 procul
1414 2372 1499 2409 esto
1530 2369 1665 2419 pestis,
1708 2368 1803 2407 Fata
1835 2368 1955 2417 virgi-

448 2446 639 2482 servetur.
1240 2454 1335 2480 num
1366 2440 1614 2480 matrimonia
1642 2443 1837 2481 tueantur.

236 2514 320 2554 910
446 2513 559 2564 impii
585 2513 730 2552 finibus
761 2513 1020 2564 expellantur.
1166 2509 1207 2561 β’
1240 2513 1436 2552 discordia
1460 2524 1511 2551 ne
1536 2515 1738 2551 moveatur
1761 2512 1899 2551 civitas
1913 2508 1956 2562 2).

380 2606 409 2651 1)
434 2615 621 2651 perperam
654 2605 918 2651 interpungitur
956 2606 1032 2651 post
1073 2599 1243 2653 οὐρανοῦ
1281 2618 1332 2642 τε.
1383 2606 1552 2650 quattuor
1587 2604 1851 2649 distinguuntur
1884 2602 1956 2638 ele-

234 2666 356 2702 menta
371 2668 431 2713 γῆ,
455 2667 598 2703 ποντία
627 2659 777 2712 δρόσος,
804 2660 980 2713 οὐρανός,
1008 2661 1150 2711 ἄνεμοι
1175 2665 1266 2700 sicut
1291 2664 1447 2710 Choeph.
1474 2664 1544 2700 585
1570 2664 1633 2711 γᾶ,
1658 2662 1811 2702 πόντιαι
1837 2658 1956 2710 ἀγκά-

233 2727 312 2770 λαι,
348 2726 571 2772 πεδαίχμιοι
604 2723 804 2771 λαμπάδες
839 2724 1028 2771 πεδάοροι
1046 2739 1092 2756 =
1111 2719 1277 2772 οὐρανός
1313 2725 1413 2769 („des
1437 2723 1602 2759 himmels
1641 2722 1777 2758 wolken
1814 2721 1956 2758 blitzes-

234 2784 491 2830 schwanger“)‚
525 2779 707 2831 ἆνεμόεις
741 2784 903 2832 αἰγίδων
936 2785 1052 2828 κότος
1082 2785 1142 2823 (cf.
1170 2783 1254 2819 Wil.
1280 2784 1324 2820 ad
1349 2783 1446 2827 h.1.;
1478 2783 1623 2828 Emped.
1658 2783 1702 2818 fr.
1729 2782 1819 2818 38D
1852 2787 1956 2830 γαῖα,

233 2843 376 2888 πόντος
414 2843 662 2891 πολυκύμων,
702 2839 789 2892 ἀήρ,
835 2838 979 2891 αἰθήρ).
1030 2838 1201 2890 οὐρανός
1237 2846 1273 2880 et
1311 2838 1450 2890 ἄνεμοι
1499 2842 1754 2888 praepositione
1791 2841 1835 2880 ἐκ
1875 2844 1956 2878 ante

235 2898 407 2951 οὐρανοῦ
433 2906 571 2939 tantum
598 2904 712 2949 posita
742 2904 852 2939 artius
890 2903 1042 2949 copulati
1075 2905 1172 2939 sunt.
1223 2904 1320 2939 recte
1354 2903 1464 2939 vertit
1488 2902 1594 2947 Wi1.;
1629 2901 1806 2938 elementa
1838 2902 1957 2938 omnia

236 2963 369 3000 solibus
395 2965 490 2999 tacta
515 2963 666 2999 calorem
693 2963 829 3009 spirare
853 2964 920 2999 dea
944 2962 1022 2998 vult
1046 2964 1108 3009 qui
1134 2973 1218 3009 agro
1243 2956 1396 3011 (χθὸνα,
1421 2973 1491 2998 non
1518 2963 1607 3010 γῆν)
1632 2962 1860 3008 pervehatur.

378 3022 406 3069 ²)
432 3023 606 3069 quomodo
632 3023 844 3059 cohaereant
869 3033 960 3059 vers.
987 3022 1152 3060 910-12
1178 3033 1260 3059 cum
1286 3023 1432 3068 stropha
1464 3021 1513 3070 β’,
1549 3022 1706 3058 ostendit
1731 3021 1818 3058 Wil.
1845 3022 1956 3059 Arist.
