2210 3340
994 219 1286 262 -54-

293 337 397 376 misit
440 336 526 389 (per
567 338 678 388 alios)
724 339 862 389 regina
905 351 1024 389 sacra,
1067 340 1188 390 igitur
1230 352 1308 380 non
1351 340 1436 391 ipsa
1476 353 1584 380 sacra
1626 341 1729 394 facit,
1771 341 1909 382 ardent
1947 343 1991 383 in

291 408 369 447 aris
400 408 523 458 ignes,
555 409 675 459 igitur
704 422 782 449 non
813 423 917 449 nunc
946 411 1103 450 tandem
1135 423 1186 450 ex
1216 411 1325 461 regia
1343 423 1500 462 egressa
1520 412 1631 462 ignes
1652 412 1841 453 accendit.
1872 413 1991 463 sam-i-

292 479 454 518 ficatum
485 482 546 519 est
575 480 613 518 in
646 481 729 520 foro
761 477 971 533 (ἀγοραῖοι
1002 483 1106 521 enim
1138 484 1233 521 θεοί
1262 486 1356 521 sunt
1386 481 1431 522 ἐν
1465 480 1629 534 ἀγορᾶι)
1661 483 1875 535 multisque
1902 483 1991 525 aliis

291 549 400 588 urbis
430 550 538 599 locis,
581 551 700 601 igitur
741 564 830 590 cum
871 565 921 591 ne
950 565 1028 591 uno
1059 553 1218 603 quidem
1258 554 1374 593 verbo
1417 558 1767 594 commemorentur
1803 566 1913 595 sacra
1949 555 1992 594 in

292 632 431 660 scaena
452 633 551 672 quae
582 622 699 661 choro
731 623 803 661 sub
835 623 960 662 oculis
991 635 1078 662 esse
1109 635 1269 663 necesse
1300 627 1394 672 erat,
1425 625 1490 663 hic
1521 637 1630 664 sacra
1660 637 1737 664 non
1756 625 1903 665 fiebant
1927 625 1992 665 vel

293 694 336 729 ut
366 692 559 732 cautiores
590 693 712 732 simus
744 694 906 732 chorum
938 706 1037 735 vers.
1075 695 1247 734 86—96
1281 695 1330 733 de
1360 695 1480 734 nullis
1518 708 1635 746 agere
1667 696 1787 735 sacris
1826 696 1903 736 nisi
1942 696 1992 736 de

291 762 349 801 eis
380 775 480 814 quae
509 765 549 802 in
581 764 676 803 urbe
712 765 814 803 facta
845 767 947 813 sunt,
988 777 1064 803 non
1104 765 1266 804 concedi
1309 778 1384 804 non
1427 769 1567 816 potest.
1607 767 1738 817 itaque
1778 767 1820 806 in
1862 767 1991 807 verbis

295 836 433 883 poetae
463 846 598 873 eorum
629 836 696 885 qui
729 835 1052 884 Clytaemestram
1093 839 1183 875 ante
1219 836 1365 885 regiam
1408 837 1689 876 sacrificantem
1727 840 1866 889 putant
1905 850 1992 877 sen-

291 904 412 943 tentia
442 905 569 955 posita
599 918 675 944 non
706 909 776 947 est.
838 907 942 957 quod
973 919 1062 945 cum
1093 907 1404 946 intellexerimus
1434 908 1676 957 argumentis
1708 920 1791 948 eam
1815 908 1991 949 refellere

291 986 390 1025 opus
421 988 497 1014 non
528 976 604 1015 iam
636 979 708 1017 est.

434 1059 485 1086 ex
515 1050 598 1086 arte
629 1048 850 1097 Aeschylea
882 1049 982 1087 hanc
1013 1061 1167 1099 quoque
1187 1049 1432 1099 interpretati
1452 1049 1641 1099 parodum
1667 1049 1990 1099 Clytaemestram

290 1120 381 1156 ante
410 1131 446 1157 v,
481 1119 563 1157 261
599 1130 780 1158 scaenam
810 1119 971 1158 introire
1003 1131 1194 1169 negamus
1210 1119 1250 1169 ι).
1283 1120 1520 1158 conferimus
1550 1122 1630 1170 par.
1662 1120 1770 1159 Pers.
1801 1120 1857 1160 ita
1887 1132 1992 1160 com-

289 1189 454 1238 positam
487 1193 531 1228 ut
560 1189 716 1228 initium
746 1189 850 1228 idem
883 1190 944 1239 sit,
976 1190 1069 1229 finis
1099 1191 1203 1229 idem
1235 1191 1276 1229 in
1307 1194 1472 1241 utraque
1502 1193 1614 1241 parte
1644 1191 1787 1230 cantici
1816 1191 1992 1242 partibus

289 1259 387 1310 ipsis
417 1260 526 1299 nullo
558 1260 716 1299 vinculo
747 1261 974 1300 coniunctis.
1035 1264 1151 1312 atque
1182 1261 1317 1300 eadem
1349 1265 1546 1300 structura
1566 1262 1702 1312 Agam.
1724 1262 1859 1312 parodi
1877 1261 1992 1302 modo

290 1342 340 1369 ne
382 1331 557 1370 inculces
600 1344 738 1371 versus
779 1332 869 1370 illos
909 1332 1287 1371 Wilamowitzianos.
1330 1345 1420 1371 nam
1469 1335 1638 1372 exeunte
1684 1332 1791 1372 Pers.
1843 1332 1993 1372 cantico

291 1401 419 1452 priore
450 1402 594 1442 Persae
625 1403 729 1441 domi
759 1403 887 1442 relicti
919 1415 988 1453 pro
1019 1404 1194 1442 exercitu
1232 1407 1406 1442 metuere
1444 1403 1636 1443 dicuntur.
1679 1404 1820 1454 quibus
1861 1404 1992 1444 verbis

290 1484 366 1511 non
398 1474 529 1512 minus
559 1477 650 1524 apte
681 1474 840 1524 adiungi
871 1477 1039 1525 possunt
1070 1475 1280 1524 coryphaei
1312 1475 1428 1526 (140)

576 1541 666 1584 ἀλλ’
692 1539 763 1594 ἄγε
795 1545 952 1596 Πέρσαι
985 1541 1074 1584 τόδ’
1097 1542 1331 1596 ἐνεζόμενοι

576 1617 719 1666 στέγος
751 1613 926 1668 ἀρχαῖον
956 1639 1015 1644 -
1047 1617 1252 1667 φροντίδα
1284 1613 1436 1667 κεδνὴν
1467 1618 1537 1655 καὶ
1568 1613 1845 1664 βαθύβουλον

574 1684 754 1734 θώμεθα
773 1719 781 1726 .
800 1719 808 1726 .
828 1719 835 1726 .

574 1758 666 1805 πῶς
698 1752 780 1809 ἄρα
812 1754 985 1809 πράσσει
1020 1758 1174 1809 Ξὲρξης
1205 1755 1427 1806 βασιλεύς.
1446 1790 1454 1798 .
1473 1790 1481 1798 .

290 1853 406 1891 quam
456 1841 568 1879 alteri
617 1842 765 1881 cantico
814 1842 855 1880 in
906 1842 1069 1881 eandem
1121 1842 1279 1881 exeunti
1341 1843 1575 1881 sententiam
1626 1845 1743 1893 atque
1790 1842 1991 1894 aptissime

289 1911 441 1961 Regina
470 1912 630 1951 intraret
661 1924 838 1952 scaenam
868 1913 1040 1952 recitatis
1069 1913 1289 1963 anapaestis
1320 1925 1434 1964 quam
1461 1913 1580 1951 intrat
1598 1916 1687 1963 post
1707 1913 1815 1952 chori
1833 1913 1992 1952 demum

288 1986 457 2024 cantum.
497 1983 699 2034 aptissime
739 1996 841 2036 vero,
881 1985 997 2022 immo
1027 1984 1150 2023 multo
1189 1984 1304 2023 etiam
1341 1984 1471 2034 aptius
1514 1984 1797 2033 Clytaemestra
1838 1995 1992 2035 quoque

288 2057 497 2105 antequam
540 2067 678 2094 canere
719 2055 943 2094 exordiatur
983 2056 1124 2094 chorus
1165 2059 1283 2104 totus,
1327 2067 1505 2094 scaenam
1536 2055 1722 2094 introiret.
1783 2054 1991 2094 Persarum

289 2125 442 2164 chorico
491 2126 541 2164 ad
589 2129 886 2176 anapaestorum
929 2126 1131 2176 exemplar
1173 2125 1367 2165 elaborato
1409 2129 1524 2176 poeta
1566 2137 1667 2176 quae
1708 2125 1787 2164 illis
1827 2125 1992 2176 protulit

290 2196 449 2247 repetit:
512 2197 816 2246 Agamemnonis
866 2209 1022 2248 quoque
1070 2197 1204 2247 parodi
1252 2209 1343 2248 pars
1393 2196 1517 2246 lyrica
1566 2195 1742 2236 imitatur
1789 2195 1992 2236 sententiis

290 2267 484 2306 canticum
515 2268 816 2318 anapaesticum.
1323 2271 1327 2273 ’

429 2339 562 2389 itaque
601 2342 641 2378 et
671 2339 775 2390 quod
814 2339 1039 2378 reducimur
1075 2339 1227 2389 epilogo
1258 2338 1484 2389 posterioris
1515 2350 1592 2389 quo
1621 2338 1706 2377 loco
1735 2337 1884 2376 fuimus
1913 2337 1991 2376 fine

290 2409 431 2460 prioris
462 2410 646 2448 carminis
677 2414 717 2449 et
735 2410 840 2460 quod
870 2414 1000 2460 partes
1032 2410 1122 2449 illae
1153 2410 1261 2448 nullo
1280 2409 1436 2448 vinculo
1456 2421 1627 2449 conexae
1647 2408 1843 2461 leguntur,
1873 2419 1991 2447 eausa

288 2480 457 2531 petenda
495 2483 557 2519 est
593 2493 644 2519 ex
680 2484 763 2519 arte
794 2481 981 2530 Aeschyli
1018 2481 1164 2532 quippe
1202 2480 1268 2531 qui
1298 2480 1487 2530 parodum
1519 2480 1576 2519 sic
1590 2498 1592 2501 ⁴
1607 2480 1730 2518 soleat
1760 2490 1991 2530 componere

288 2555 333 2590 ut
364 2552 577 2591 sententias
608 2552 797 2602 quasdam
835 2555 1006 2602 exponat
1035 2552 1207 2602 primum
1237 2551 1347 2601 epico
1377 2554 1462 2589 tum
1492 2550 1663 2589 carmine
1691 2550 1826 2600 lyrico.
1887 2549 1991 2601 quod

288 2678 325 2712 in
349 2677 436 2713 urbe
468 2687 568 2713 sacra
600 2678 739 2713 factura
752 2678 809 2724 (!);
845 2679 922 2713 tum
947 2678 1063 2713 redire
1097 2677 1199 2712 finito
1236 2677 1426 2713 carmine“.
1476 2687 1547 2712 non
1583 2676 1674 2712 male
1708 2675 1812 2712 etiam
1836 2674 1991 2712 Keokius

288 2738 379 2782 (57):
405 2736 484 2782 „die
511 2737 652 2782 konigin
677 2737 842 2772 bedeutet
866 2737 946 2772 dem
971 2737 1055 2772 chor
1079 2736 1190 2772 durch
1215 2737 1314 2771 ernst
1338 2735 1570 2771 abwehrende
1595 2735 1749 2781 michea,
1786 2735 1854 2771 dass
1879 2734 1930 2770 sie
1953 2734 1992 2769 in

288 2795 386 2831 ihrer
410 2796 562 2832 andacht
586 2796 683 2831 nicht
707 2797 841 2841 gestort
866 2796 1010 2831 werden
1035 2796 1139 2831 diirfe
1164 2795 1237 2830 und
1261 2795 1345 2840 geht
1369 2795 1462 2830 dann
1476 2821 1486 2831 .
1501 2821 1509 2830 .
1525 2821 1533 2830 .
1559 2794 1636 2830 ab“.

433 2855 460 2898 ¹)
486 2865 610 2890 verum
646 2855 734 2890 vidit
771 2854 989 2890 Wecklinius
1027 2854 1189 2900 (Studien
1232 2865 1277 2889 zu
1316 2853 1513 2899 Aeschylus
1553 2853 1614 2899 96)
1657 2863 1762 2899 quem
1802 2851 1991 2898 exscfipsit

291 2913 470 2950 Verrallus
496 2914 539 2949 ad
563 2914 597 2948 h.
623 2913 665 2958 l.;
691 2916 727 2949 at
751 2913 855 2958 plane
880 2924 1009 2949 novum
1035 2913 1246 2949 struendum
1271 2915 1349 2949 erat
1372 2913 1652 2948 fundamentum.
