2210 3340
943 223 1237 265 -51-

234 358 423 398 angorem
433 346 609 386 tumultu
621 346 850 394 excitarum,
870 347 985 395 poeta
1002 343 1195 395 praelusit
1212 343 1366 393 dialogo
1383 343 1610 382 dochmiaco
1622 341 1665 393 1).
1698 342 1951 394 Ghoephoroe

236 418 320 459 sola
347 417 541 470 parodum
569 418 687 457 habet
715 416 878 468 prologo
908 418 1119 455 carentem.
1327 408 1329 411 ’

328 479 336 484 “
379 501 498 530 causa
527 501 599 528 cur
627 488 818 540 parodum
851 486 1080 537 systematis
1116 486 1377 537 anapaesticis
1414 489 1529 536 poeta
1565 485 1810 525 adornaverit
1850 497 1951 538 quae

235 561 332 602 olim
360 560 461 600 nulli
492 572 570 600 non
599 559 862 600 antecessisse
893 559 975 598 veri
1007 558 1137 597 simile
1161 561 1234 606 est,
1266 569 1342 596 non
1372 569 1491 608 posse
1521 556 1676 596 videtur
1707 568 1795 596 esse
1815 557 1950 596 eadem

235 636 357 685 atque
385 643 505 684 quam
535 631 652 682 paulo
683 634 775 670 ante
796 630 967 669 vidimus
989 629 1203 669 valentem:
1237 629 1308 668 hos
1328 631 1560 679 anapaestos
1582 628 1808 679 aptissimos
1828 628 1951 668 fuisse

236 703 427 744 sentimus
457 703 507 742 ad
539 715 638 755 quos
668 703 816 754 gradus
845 703 1037 742 inferrent
1054 702 1095 740 in
1116 701 1379 752 orchestram;
1410 703 1452 740 at
1471 712 1589 740 causa
1610 712 1680 739 cur
1700 705 1781 739 tam
1799 699 1951 751 amplos

237 778 353 828 poeta
384 774 659 826 composuerit,
692 774 829 814 eadem
862 778 934 813 est.
995 773 1036 812 id
1067 773 1160 812 inde
1200 772 1430 824 neutiquam
1470 772 1725 822 consequitur
1765 771 1869 823 quod
1910 771 1951 810 in
1985 824 1988 827 .

233 846 377 887 itinere
406 847 682 898 recitabantur,
714 846 800 886 fieri
830 846 934 885 enim
967 845 1105 896 nequit
1143 847 1189 883 ut
1227 844 1267 882 in
1298 843 1376 894 Ag.
1408 856 1479 895 per
1518 847 1676 894 tempus
1717 843 1822 895 quod
1861 855 1951 882 con-

235 918 357 958 sumit
386 918 471 957 dux
500 918 672 958 recitans
703 929 843 957 versus
878 917 959 956 103
993 917 1137 956 chorus
1167 916 1334 955 introeat
1359 928 1543 955 scaenam
1562 927 1636 955 nec
1660 915 1715 964 fit,
1747 919 1792 954 ut
1812 915 1952 954 docent

235 990 357 1030 verba
387 991 451 1040 (cf.
483 1002 521 1041 p.
556 990 610 1029 62
644 1002 682 1040 q.
705 988 752 1043 s).
816 1001 953 1027 verum
983 988 1091 1038 longi
1114 987 1175 1026 illi
1196 987 1351 1027 ordines
1372 987 1611 1038 respondent
1631 986 1794 1026 canticis
1814 987 1953 1038 ampli-

233 1061 373 1101 tudine
407 1061 682 1113 singularibus,
713 1064 795 1100 tam
825 1061 977 1111 amplos
1009 1071 1075 1099 eos
1115 1059 1335 1110 composuit
1366 1066 1410 1098 ut
1448 1063 1660 1109 augeretur
1699 1058 1835 1110 parodi
1876 1058 1952 1107 vis,

233 1133 353 1184 primi
384 1133 545 1182 chorici,
575 1133 731 1172 fabulae
763 1132 827 1171 vel
860 1132 981 1171 etiam
1010 1131 1188 1181 trilogiae
1219 1131 1412 1182 prooemii.

379 1207 535 1256 praeter
564 1204 654 1244 illas
685 1203 933 1253 Aeschyleas
963 1203 1049 1242 Alc.
1081 1207 1122 1242 et
1152 1202 1282 1242 Aiacis
1323 1203 1492 1254 parodos
1532 1203 1636 1242 solas
1677 1203 1749 1241 hos
1791 1202 1951 1253 quidem

234 1276 422 1316 exhibere
450 1280 684 1327 anapaestos
715 1276 790 1315 etsi
822 1287 935 1314 nemo
965 1276 1130 1325 ignorat,
1170 1278 1302 1314 tamen
1345 1287 1487 1325 operae
1522 1274 1696 1325 pretium
1733 1278 1796 1313 est
1834 1273 1952 1324 paulo

233 1349 457 1388 accuratius
475 1348 595 1387 huius
616 1347 754 1399 parodi
774 1347 1021 1387 conscribere
1041 1347 1256 1386 historiam.
1296 1347 1369 1386 hae
1391 1346 1657 1396 seiungendae
1675 1351 1767 1385 sunt
1786 1346 1950 1384 formae:

378 1431 410 1471 I.
470 1431 695 1482 Aeschylea
725 1431 862 1482 parodi
893 1431 1021 1470 forma
1051 1431 1268 1470 constantis
1308 1430 1346 1482 a)
1379 1430 1606 1480 systematis
1637 1429 1897 1481 anapaesticis
1929 1441 1952 1468 a

234 1503 456 1555 coryphaeo
486 1503 661 1542 recitatis
692 1501 733 1555 b)
755 1503 908 1542 cantico
939 1515 961 1541 a
992 1503 1110 1542 choro
1142 1502 1224 1541 solo
1255 1505 1411 1541 cantato
1441 1514 1521 1541 una
1540 1502 1579 1540 in
1601 1502 1725 1542 Aiace
1746 1501 1950 1553 reperitur.

379 1586 432 1626 ΙΙ.
494 1586 588 1626 huic
637 1587 838 1626 simillima
879 1586 1092 1626 Alcestidis
1143 1590 1328 1625 constans
1379 1585 1417 1638 a)
1469 1586 1680 1636 coryphaei
1730 1585 1953 1636 anapaestis

234 1669 397 1698 numero
427 1658 552 1697 multo
583 1658 799 1697 minoribus
829 1658 867 1709 b)
900 1658 1055 1697 chorico
1086 1658 1198 1697 cuius
1230 1658 1412 1708 strophas
1439 1653 1508 1697 αα’
1535 1658 1831 1708 subsequuntur
1861 1669 1951 1695 ana-

234 1730 360 1781 paesti
392 1730 720 1770 hemichoriorum
753 1730 898 1769 ducum
928 1731 1032 1770 inter
1072 1742 1115 1770 se
1146 1730 1463 1781 colloquentium.
1495 1752 1554 1759 —
1584 1729 1808 1780 insequitur
1842 1729 1950 1767 Anti-

232 1813 359 1852 gonae
387 1802 559 1853 parodus
601 1799 642 1855 a)
675 1814 813 1842 carens
856 1802 1046 1853 prooemio
1089 1800 1132 1856 b)
1176 1802 1323 1841 chorici
1367 1801 1541 1852 strophis
1583 1801 1805 1852 anapaestis
1838 1800 1949 1840 ducis

235 1873 329 1924 (11011
360 1874 520 1923 ducum)
551 1873 812 1924 amplificatis.

377 1945 451 1985 111.
512 1957 584 1996 pro
627 1946 849 1996 coryphaeo
894 1946 974 1991 (vel
1019 1943 1272 1999 coryphaeis)
1327 1945 1506 1984 histrio
1557 1945 1675 1984 habet
1718 1949 1950 1995 anapaestos

233 2015 274 2069 a)
305 2021 399 2056 ante
430 2017 631 2056 choricum
663 2018 701 2066 b)
735 2022 825 2068 post
856 2017 1034 2067 singulas
1066 2017 1174 2056 chori
1206 2017 1388 2067 strophas
1418 2017 1461 2055 in
1492 2016 1639 2056 Alcest.
1659 2016 1804 2067 parodo
1829 2017 1952 2055 altera

380 2170 408 2213 ι)
433 2168 610 2214 dialogum
648 2180 731 2205 eum
769 2169 954 2215 pepigisse,
997 2169 1216 2205 hemichoria
1259 2170 1315 2205 vel
1350 2171 1467 2215 potius
1505 2170 1614 2204 duces
1650 2168 1951 2204 hemichoriorum

233 2228 451 2265 altercantes
475 2229 660 2265 induxisse
685 2229 771 2264 mihi
805 2230 954 2265 constat.
1004 2229 1068 2265 has
1103 2229 1249 2275 seiungo
1282 2232 1422 2276 partes:
1457 2232 1489 2265 A
1515 2229 1601 2265 78—
1610 2230 1656 2265 85
1690 2239 1801 2275 paveo
1834 2229 1951 2263 metu:

233 2289 413 2335 equitatus
438 2288 578 2335 emissa,
605 2289 782 2334 conspicio
808 2288 1002 2335 pulverem,
1038 2289 1151 2325 sentio
1177 2290 1312 2326 terram
1336 2289 1479 2335 ungulis
1510 2299 1716 2335 percussam
1753 2289 1830 2335 [sed
1863 2287 1953 2323 haec

232 2347 359 2384 ultima
382 2359 528 2394 prorsus
553 2349 714 2395 incerta}
765 2349 796 2384 B
820 2349 964 2386 86-90
989 2349 1160 2385 auxilium
1186 2351 1289 2393 ferte,
1317 2350 1351 2385 di
1376 2352 1411 2385 01
1437 2350 1534 2392 deae,
1568 2349 1689 2385 hostes
1722 2359 1843 2384 muros
1869 2358 1952 2383 con-

233 2408 418 2444 scendunt.
444 2429 490 2435 —
516 2410 548 2444 A
572 2408 714 2445 91—95
753 2410 790 2445 at
821 2409 900 2454 quis
930 2410 1078 2445 deorum
1110 2410 1302 2446 dearumve
1333 2420 1397 2446 nos
1428 2410 1608 2445 servabit?
1658 2409 1716 2445 cui
1751 2407 1952 2454 supplican-

233 2467 344 2504 dum?
392 2467 423 2504 B
448 2467 592 2505 96-98
616 2471 758 2514 tempus
784 2475 839 2505 est
863 2468 1051 2515 complecti
1076 2470 1177 2514 signa
1201 2471 1306 2516 (quae
1332 2474 1415 2506 sunt
1439 2469 1476 2504 in
1502 2471 1661 2513 scaena);
1694 2469 1778 2515 quid
1804 2470 1951 2504 cuncta-

233 2537 315 2563 mur
338 2527 591 2565 lamentantes!
619 2530 774 2575 (pugnae
799 2528 957 2565 tumultu
981 2529 1098 2565 subito
1122 2532 1306 2567 crescente
1333 2529 1459 2576 pergit)
1496 2529 1685 2566 100—102
1720 2527 1950 2565 audivistisne

233 2588 411 2623 scutorum
450 2588 652 2637 crepitum?
702 2599 820 2624 nonne
856 2591 999 2635 tempus
1036 2600 1164 2626 ornare
1201 2590 1328 2636 signa?
1366 2610 1414 2616 —
1451 2591 1483 2625 A
1511 2589 1698 2626 103—105
1737 2588 1947 2625 audivimus.

233 2645 330 2683 Mars
355 2657 441 2683 num
465 2658 530 2683 nos
555 2648 710 2693 prodes?
759 2648 884 2685 Β-1-Α.
911 2649 1070 2685 106--7;
1097 2659 1203 2686 serva
1227 2650 1378 2686 fiebas!
1406 2669 1451 2675 —
1477 2650 1547 2685 iam
1584 2660 1623 2684 se
1659 2648 1873 2695 provolvunt
1907 2648 1951 2683 ad

234 2706 345 2752 pedes
369 2706 560 2752 signorum.
580 2728 625 2734 —
644 2707 862 2753 Aeschylum
887 2709 1002 2744 secuti
1018 2709 1207 2755 Euripides
1224 2710 1445 2745 hemichoria
1470 2710 1564 2745 inter
1589 2719 1627 2744 00
1653 2708 1889 2753 colloquentis
1912 2708 1951 2743 in

233 2775 400 2802 scaenam
425 2766 565 2802 induxit
588 2767 627 2802 in
652 2768 772 2813 parod.
799 2767 874 2804 Alc.
893 2768 983 2814 Ion.,
1010 2769 1114 2814 Soph.
1142 2769 1177 2803 in
1204 2768 1300 2805 Aiac.
1329 2769 1533 2815 epipar0d03
1560 2768 1775 2804 hemichoria
1800 2768 1951 2804 alterum

236 2827 318 2871 post
341 2825 492 2862 alterum
519 2829 652 2862 canunt
679 2828 715 2862 in
741 2838 814 2873 par.
840 2828 973 2874 Troad.,
1000 2829 1069 2864 duo
1095 2829 1191 2864 chori
1225 2829 1261 2864 in
1299 2839 1373 2875 par.
1411 2828 1533 2874 Suppl.
1559 2829 1642 2864 Eur.
1668 2826 1888 2875 (‘Supplices'
1915 2830 1952 2863 et

232 2884 399 2931 ancillae)
431 2885 524 2922 sicut
554 2886 588 2921 in
621 2888 733 2923 exodo
765 2887 885 2933 Suppl.
921 2887 1047 2925 Aesch.
1083 2887 1303 2934 (‘Supplices’
1343 2891 1379 2924 et
1415 2887 1588 2935 ancillae).
1634 2908 1680 2914 -
1720 2888 1758 2923 in
1795 2887 1951 2924 stasimis

233 2944 449 2981 hemichoria
474 2948 615 2991 praeter
638 2946 714 2982 Alc.
741 2947 824 2994 213,
850 2946 971 2993 Suppl.
999 2947 1070 2984 598
1094 2959 1164 2984 11011
1189 2950 1438 2994 agnoscuntur.

1664 3020 1712 3054 4*
