2210 3340
941 235 1235 277 —29-

376 360 600 411 inspicienti
655 357 819 398 tabellas
874 357 913 395 id
970 356 1103 395 statim
1159 355 1230 394 tibi
1289 354 1529 405 comparebit
1583 353 1787 403 parodos
1844 351 1947 390 haud

232 444 334 484 raro*
363 431 610 482 stropharum
655 440 817 468 numero
857 431 1056 478 praestare
1096 426 1286 475 stasimis3
1328 425 1439 463 vides
1482 425 1586 463 enim
1627 425 1754 474 prima
1794 423 1950 462 chorica

234 503 372 555 Suppl.
415 502 524 541 Pers.
568 502 641 551 Ag.
685 499 901 550 composita
949 498 1197 548 stropharum
1246 496 1406 548 paribus
1451 497 1488 535 8.
1534 497 1558 535 5
1575 493 1640 550 1βῖ.
1687 498 1710 535 6
1727 493 1792 548 1βῖ,
1837 494 1880 534 Ο.
1903 495 1948 533 R.

235 574 373 614 Trach.
403 572 618 624 composita
648 575 715 610 str.
748 583 785 622 p.
819 572 856 610 3.
880 566 988 622 21βῖ,
1020 569 1139 608 Bach.
1171 568 1256 619 Iph.
1287 569 1330 606 A.
1362 567 1576 617 composita
1608 570 1677 605 str.
1710 580 1746 617 p.
1780 563 1888 619 31s2,
1921 569 1947 605 4

234 656 410 686 summos
455 655 554 695 quos
586 643 753 694 quisque
790 641 1029 692 compegerit
1065 640 1251 679 exhibere
1283 639 1532 690 stropharum
1571 651 1772 688 numeros,
1811 638 1948 689 Suppl.

234 716 326 757 Eur.
364 715 511 768 parodo
557 714 785 765 dispertitae
830 714 870 751 in
918 725 998 763 par.
1042 714 1086 764 3,
1110 742 1113 746 .
1137 714 1344 762 superatae
1390 711 1550 750 stasimo
1597 710 1724 759 nullo,
1767 710 1949 749 comitem

233 800 323 828 esse
351 799 473 827 unum
505 790 597 826 stas.
629 786 660 825 Ι.
687 786 814 834 Herc,
844 785 978 835 ipsum
1009 795 1163 835 quoque
1193 783 1319 822 tribus
1349 782 1587 821 instructum
1618 781 1789 832 paribus.
1822 794 1950 832 neque

233 871 352 900 causa
382 859 548 898 obscura
578 861 656 898 est:
689 857 914 896 nitebantur
934 859 1073 907 poetae
1103 854 1241 905 tragici
1272 854 1463 905 parodum
1494 865 1588 904 prae
1610 853 1752 892 ceteris
1782 854 1950 892 choricis

232 931 363 971 media
397 932 438 970 in
475 929 607 969 fabula
643 918 842 968 collocatis
873 939 1064 967 exornare
1095 926 1299 965 modorum
1330 926 1616 976 chororumque
1647 925 1758 976 copia
1788 928 1833 964 ut
1864 937 1951 975 pro·

232 1003 396 1043 oemium
436 1015 555 1053 quam
593 1000 956 1052 splendidissimum
1000 1004 1285 1049 praeponerent
1325 997 1383 1036 rei
1423 997 1480 1035 illi
1518 997 1630 1047 gravi
1668 1009 1786 1047 quam
1824 997 1951 1047 expli-

233 1074 358 1114 caturi
394 1081 506 1114 erant
541 1072 792 1112 audientibus
829 1071 974 1122 parodo
1012 1073 1248 1120 percantata.
1310 1081 1410 1119 quae
1446 1069 1592 1107 idcirco
1621 1069 1660 1106 in
1691 1068 1831 1119 primis
1862 1073 1952 1119 apta

238 1149 323 1185 erat
351 1146 418 1186 cui
446 1146 695 1196 imponerent
725 1146 875 1182 tantum
907 1154 1018 1191 onus,
1050 1142 1142 1192 quia
1172 1153 1249 1179 non
1281 1140 1469 1190 impedita
1500 1144 1584 1178 erat
1601 1139 1767 1178 actionis
1785 1140 1954 1178 vinculis

234 1230 352 1269 quam
395 1217 555 1268 quidem
592 1216 679 1266 ipsa
717 1215 939 1266 exponebat
975 1226 1021 1252 ac
1058 1213 1324 1264 praeparabat.
1395 1224 1531 1251 verum
1570 1224 1647 1250 non
1687 1211 1812 1250 solum
1852 1216 1951 1250 stro-

234 1290 403 1341 pharum
450 1289 627 1327 ubertate
671 1287 806 1338 parodi
853 1285 1106 1336 conspicuae,
1152 1284 1261 1323 aliud
1302 1283 1419 1322 etiam
1467 1287 1528 1322 est
1571 1295 1648 1334 quo
1688 1283 1847 1322 differre
1886 1295 1953 1322 eas

234 1361 357 1400 voluit
386 1373 411 1400 a
440 1359 613 1399 stasimis
631 1358 840 1410 Euripides
871 1358 973 1396 sicut
993 1356 1115 1396 voluit
1136 1355 1377 1405 Aeschylus:
1411 1367 1633 1394 conexuere
1656 1355 1879 1404 Aeschylus
1909 1355 1950 1393 in

235 1433 373 1484 Suppl.
395 1431 646 1482 Phoen.1ph.
667 1432 712 1470 A.
745 1430 833 1469 bina
863 1430 1035 1469 carmina
1064 1428 1242 1467 absoluta
1272 1439 1319 1466 ac
1349 1428 1524 1478 perfecta
1554 1427 1594 1464 in
1627 1439 1670 1466 se
1702 1426 1836 1477 parodi
1868 1410 1952 1465 loco

234 1504 374 1556 posita.
417 1515 588 1554 namque
617 1503 656 1541 in
689 1502 826 1553 Suppl.
859 1501 1000 1540 Aesch.
1035 1500 1208 1551 quinque
1241 1499 1490 1550 stropharum
1521 1498 1630 1549 paria
1661 1501 1955 1549 consequuntur

235 1577 311 1616 tria
348 1575 487 1616 eodem
528 1587 622 1614 sane
662 1573 879 1624 composita
918 1584 1168 1611 numerorum
1201 1583 1357 1621 genere,
1390 1570 1540 1609 scilicet
1569 1570 1719 1614 iambis,
1751 1572 1954 1620 separatae

234 1654 366 1687 autem
396 1647 445 1686 ab
474 1646 555 1686 illis
585 1659 674 1685 cum
707 1645 925 1685 elocutione
956 1643 1241 1694 sententiisque
1271 1645 1355 1680 tum
1388 1654 1433 1681 eo
1465 1641 1569 1692 quod
1596 1641 1821 1692 ephymniis
1839 1646 1954 1680 aucta

235 1722 347 1770 sunt3
379 1718 586 1758 Persarum
618 1717 1002 1768 Agamemnonisque
1033 1715 1168 1766 parodi
1198 1715 1239 1753 in
1272 1710 1365 1766 31βῖ
1390 1711 1447 1768 -1-
1470 1714 1507 1763 2,
1543 1715 1562 1752 1
1582 1709 1633 1768 1βῖ
1658 1710 1715 1766 -ί-
1736 1715 1775 1761 5,
1807 1713 1954 1752 Phoen.

235 1790 466 1842 Iphigeniae
496 1792 542 1829 A.
583 1790 622 1828 in
659 1790 678 1828 1
698 1785 749 1843 1βῖ
774 1786 831 1843 —l-
858 1790 893 1836 1,
940 1790 958 1826 1
978 1784 1030 1841 1βῖ
1054 1784 1113 1841 -Ι-
1137 1787 1160 1825 2
1177 1783 1228 1841 1βῖ
1272 1786 1492 1824 disiunctae
1534 1784 1739 1824 sententiis
1778 1784 1955 1823 numeris

234 1866 434 1914 postremo
462 1861 587 1912 epodo
623 1861 692 1900 illa
726 1860 854 1899 medio
885 1860 924 1898 in
957 1859 1108 1898 cantico
1139 1858 1264 1909 posita
1295 1870 1373 1908 qua
1403 1857 1585 1896 claudere
1616 1856 1790 1896 voluisse
1819 1860 1955 1907 poetas

233 1937 398 1986 apparet
410 1933 464 1987 1);
497 1932 673 1984 Euripid.
706 1932 877 1983 denique
903 1930 1040 1982 Suppl.
1073 1930 1173 1969 duas
1198 1930 1239 1968 in
1270 1933 1405 1980 partes
1435 1929 1645 1967 distributa
1677 1932 1739 1967 est
1770 1928 1952 1979 quoniam

236 2005 384 2057 stroph.
415 2005 524 2056 paria
555 2019 582 2044 α
603 2006 632 2053 β
661 2017 686 2043 a
716 2003 905 2043 matribus
935 2003 1047 2054 ipsis,
1080 2016 1106 2052 γ
1136 2002 1184 2041 ab
1215 2001 1368 2040 ancillis
1400 2004 1617 2040 cantantur.

378 2101 497 2128 unam
538 2092 668 2127 autem
710 2087 953 2138 eandemque
990 2087 1198 2136 utriusque
1236 2089 1373 2136 poetae
1410 2084 1541 2123 animo
1582 2085 1827 2123 obversatam
1866 2095 1955 2122 esse

235 2160 376 2200 cantici
406 2161 570 2199 formam
600 2160 691 2199 inde
721 2163 882 2210 apparet
913 2158 1016 2209 quod
1050 2161 1089 2196 et
1110 2157 1329 2197 sententiae
1349 2160 1388 2195 et
1409 2156 1587 2206 rhythmi
1608 2167 1765 2207 semper
1784 2155 1953 2194 eundem

235 2232 426 2272 exhibent
455 2232 651 2271 ordinem:
693 2242 850 2270 carmen
891 2230 1017 2269 modis
1054 2229 1265 2280 verbisque
1296 2229 1512 2279 procedens
1543 2227 1880 2278 tranquillioribus
1911 2239 1956 2265 ac

237 2303 540 2355 simplicioribus
572 2303 720 2354 excipit
751 2314 906 2353 semper
937 2301 1061 2340 multo
1093 2301 1303 2340 excitatius
1334 2312 1439 2338 nunc
1464 2299 1589 2338 modis
1611 2311 1718 2338 nunc
1739 2298 1955 2346 sententiis,

237 2387 354 2427 saepe
394 2376 584 2428 utrisque,
625 2387 702 2426 quo
741 2374 930 2413 transitus
969 2374 1042 2412 fiat
1084 2373 1135 2412 ad
1175 2373 1305 2423 ipsum
1337 2372 1493 2411 fabulae
1523 2374 1810 2421 argumentum.
1852 2371 1956 2408 hunc

237 2447 520 2487 sententiarum
560 2459 654 2498 prae
696 2458 739 2486 se
775 2446 908 2485 ferunt
945 2445 1122 2484 ordinem
1160 2444 1331 2495 primum
1363 2444 1513 2482 cantica
1545 2442 1682 2494 Suppl.
1715 2442 1954 2481 fabularum:

237 2522 278 2558 et
296 2517 493 2558 Danaides
512 2522 552 2558 et
573 2520 742 2569 Argivae
760 2517 966 2568 implorato
989 2529 1083 2556 sane
1099 2517 1178 2554 iam
1197 2515 1326 2566 priore
1346 2519 1457 2566 parte
1475 2515 1621 2554 auxilio
1640 2514 1871 2564 Argivorum
1894 2513 1955 2551 vel

241 2590 538 2630 Atheniensium
563 2590 685 2630 altera
707 2589 843 2628 multis
867 2589 1055 2628 adornata
1086 2587 1420 2626 interiectionibus
1440 2586 1790 2625 exclamationibus
1809 2585 1956 2635 sopitos

239 2673 400 2712 precum
438 2661 551 2712 ignes
587 2662 866 2701 resuscitantes
898 2665 943 2699 ut
973 2660 1036 2699 vel
1067 2660 1107 2697 in
1137 2659 1257 2698 altius
1289 2671 1331 2698 se
1368 2659 1521 2708 erigant
1552 2658 1733 2696 flammae
1764 2656 1955 2696 efficiunt.

239 2745 317 2783 qua
346 2736 506 2784 propter
534 2734 695 2772 alterius
726 2733 848 2784 partis
879 2732 1060 2782 strophas
1083 2731 1304 2780 Aeschylus
1334 2730 1559 2781 ephymniis
1584 2729 1775 2767 instruxit
1801 2739 1957 2778 semper

384 2896 410 2941 ¹)
444 2894 512 2931 hoc
548 2895 729 2941 proprium
766 2895 887 2940 parodi
926 2905 1004 2930 esse
1042 2904 1255 2939 quamquam
1287 2892 1464 2928 intellexit
1495 2892 1615 2926 Herm.
1643 2891 1694 2926 El.
1723 2890 1802 2935 725,
1835 2892 1956 2926 tamen

239 2954 432 2992 immiscuit
456 2954 586 3000 aliena3
613 2965 740 2990 verum
765 2954 932 2990 viderunt
955 2952 1353 2998 Rossbach.-Westphal.
1381 2952 1446 2998 111,
1475 2952 1507 2994 1,
1532 2950 1614 2987 245.

360 3028 453 3036 ’,η-υ.
486 3028 497 3031 -
