<?xml version="1.0" encoding="UTF-8"?>
<!DOCTYPE html PUBLIC "-//W3C//DTD XHTML 1.0 Transitional//EN"
    "http://www.w3.org/TR/xhtml1/DTD/xhtml1-transitional.dtd">
<html xmlns="http://www.w3.org/1999/xhtml" xml:lang="en" lang="en">
 <head>
  <title>
</title>
<meta http-equiv="Content-Type" content="text/html;charset=utf-8" />
  <meta name='ocr-system' content='tesseract 3.04.00' />
  <meta name='ocr-capabilities' content='ocr_page ocr_carea ocr_par ocr_line ocrx_word'/>
</head>
<body>
  <div class='ocr_page' id='page_1' title='image "./deformastasimi00kranuoft_0039.png"; bbox 0 0 2210 3340; ppageno 0'>
   <div class='ocr_carea' id='block_1_1' title="bbox 962 229 1257 271">
    <p class='ocr_par' dir='ltr' id='par_1_1' title="bbox 962 229 1257 271">
     <span class='ocr_line' id='line_1_1' title="bbox 962 229 1257 271; baseline -0.003 -13"><span class='ocrx_word' id='word_1_1' title='bbox 962 229 1257 271; x_wconf 76' lang='lat'><strong>-37—</strong></span> 
     </span>
    </p>
   </div>
   <div class='ocr_carea' id='block_1_2' title="bbox 248 348 1974 1115">
    <p class='ocr_par' dir='ltr' id='par_1_2' title="bbox 248 348 1974 1115">
     <span class='ocr_line' id='line_1_2' title="bbox 397 348 1972 401; baseline 0.001 -13"><span class='ocrx_word' id='word_1_2' title='bbox 397 349 772 400; x_wconf 84' lang='lat' dir='ltr'><strong>epirrhematica</strong></span> <span class='ocrx_word' id='word_1_3' title='bbox 804 350 828 388; x_wconf 88' lang='lat'><strong>3</strong></span> <span class='ocrx_word' id='word_1_4' title='bbox 861 349 1023 400; x_wconf 82' lang='lat' dir='ltr'><strong>paribus</strong></span> <span class='ocrx_word' id='word_1_5' title='bbox 1054 350 1274 388; x_wconf 87' lang='lat' dir='ltr'><strong>constantia</strong></span> <span class='ocrx_word' id='word_1_6' title='bbox 1304 352 1462 388; x_wconf 83' lang='lat' dir='ltr'><strong>exstant</strong></span> <span class='ocrx_word' id='word_1_7' title='bbox 1493 349 1581 399; x_wconf 90' lang='lat' dir='ltr'><strong>duo,</strong></span> <span class='ocrx_word' id='word_1_8' title='bbox 1613 350 1721 389; x_wconf 90' lang='lat' dir='ltr'><strong>Pers.</strong></span> <span class='ocrx_word' id='word_1_9' title='bbox 1745 350 1829 390; x_wconf 84' lang='lat'><strong>256</strong></span> <span class='ocrx_word' id='word_1_10' title='bbox 1863 348 1972 401; x_wconf 87' lang='lat' dir='ltr'><strong>Sept.</strong></span> 
     </span>
     <span class='ocr_line' id='line_1_3' title="bbox 254 419 1972 474; baseline 0 -14"><span class='ocrx_word' id='word_1_11' title='bbox 254 420 352 474; x_wconf 85' lang='lat'>203,</span> <span class='ocrx_word' id='word_1_12' title='bbox 390 421 456 461; x_wconf 86' lang='lat' dir='ltr'><strong>vel</strong></span> <span class='ocrx_word' id='word_1_13' title='bbox 502 420 553 461; x_wconf 85' lang='lat' dir='ltr'><strong>ad</strong></span> <span class='ocrx_word' id='word_1_14' title='bbox 608 431 792 460; x_wconf 89' lang='lat' dir='ltr'><strong>numeros</strong></span> <span class='ocrx_word' id='word_1_15' title='bbox 847 419 1143 471; x_wconf 74' lang='lat' dir='ltr'><strong>sententiasque</strong></span> <span class='ocrx_word' id='word_1_16' title='bbox 1196 420 1372 459; x_wconf 88' lang='lat' dir='ltr'><strong>finitima.</strong></span> <span class='ocrx_word' id='word_1_17' title='bbox 1446 420 1615 460; x_wconf 82' lang='lat' dir='ltr'><strong>trimetri</strong></span> <span class='ocrx_word' id='word_1_18' title='bbox 1666 423 1836 473; x_wconf 89' lang='lat' dir='ltr'><strong>utroque</strong></span> <span class='ocrx_word' id='word_1_19' title='bbox 1887 421 1972 460; x_wconf 91' lang='lat' dir='ltr'><strong>loco</strong></span> 
     </span>
     <span class='ocr_line' id='line_1_4' title="bbox 251 482 1972 543; baseline 0 -11"><span class='ocrx_word' id='word_1_20' title='bbox 251 482 457 532; x_wconf 83' lang='lat' dir='ltr'><strong>histrionis</strong></span> <span class='ocrx_word' id='word_1_21' title='bbox 487 494 590 533; x_wconf 87' lang='lat' dir='ltr'><strong>sunt.</strong></span> <span class='ocrx_word' id='word_1_22' title='bbox 649 491 801 533; x_wconf 83' lang='lat' dir='ltr'><strong>aceedit</strong></span> <span class='ocrx_word' id='word_1_23' title='bbox 830 503 1006 530; x_wconf 89' lang='lat' dir='ltr'><strong>commus</strong></span> <span class='ocrx_word' id='word_1_24' title='bbox 1038 490 1176 542; x_wconf 90' lang='lat' dir='ltr'><strong>Suppl.</strong></span> <span class='ocrx_word' id='word_1_25' title='bbox 1209 492 1293 531; x_wconf 88' lang='grc'><strong>843</strong></span> <span class='ocrx_word' id='word_1_26' title='bbox 1309 491 1339 541; x_wconf 87' lang='lat'><strong>¹)</strong></span> <span class='ocrx_word' id='word_1_27' title='bbox 1369 491 1500 543; x_wconf 89' lang='lat' dir='ltr'><strong>priore</strong></span> <span class='ocrx_word' id='word_1_28' title='bbox 1530 495 1642 543; x_wconf 85' lang='lat' dir='ltr'><strong>parte</strong></span> <span class='ocrx_word' id='word_1_29' title='bbox 1672 492 1820 542; x_wconf 86' lang='lat' dir='ltr'><strong>lyricus</strong></span> <span class='ocrx_word' id='word_1_30' title='bbox 1850 492 1972 532; x_wconf 83' lang='lat' dir='ltr'><strong>altera</strong></span> 
     </span>
     <span class='ocr_line' id='line_1_5' title="bbox 252 562 1974 616; baseline 0.001 -13"><span class='ocrx_word' id='word_1_31' title='bbox 252 575 332 616; x_wconf 83' lang='lat' dir='ltr'><strong>qua</strong></span> <span class='ocrx_word' id='word_1_32' title='bbox 371 563 576 603; x_wconf 83' lang='lat' dir='ltr'><strong>descendit</strong></span> <span class='ocrx_word' id='word_1_33' title='bbox 614 566 731 614; x_wconf 80' lang='lat' dir='ltr'><strong>poeta</strong></span> <span class='ocrx_word' id='word_1_34' title='bbox 772 562 823 602; x_wconf 87' lang='lat' dir='ltr'><strong>ad</strong></span> <span class='ocrx_word' id='word_1_35' title='bbox 860 562 1060 613; x_wconf 85' lang='lat' dir='ltr'><strong>dialogum</strong></span> <span class='ocrx_word' id='word_1_36' title='bbox 1090 563 1431 614; x_wconf 87' lang='lat' dir='ltr'><strong>epirrhematicus.</strong></span> <span class='ocrx_word' id='word_1_37' title='bbox 1492 563 1663 602; x_wconf 86' lang='lat' dir='ltr'><strong>carmina</strong></span> <span class='ocrx_word' id='word_1_38' title='bbox 1695 564 1743 603; x_wconf 84' lang='lat' dir='ltr'><strong>ab</strong></span> <span class='ocrx_word' id='word_1_39' title='bbox 1774 567 1904 604; x_wconf 88' lang='lat' dir='ltr'><strong>actore</strong></span> <span class='ocrx_word' id='word_1_40' title='bbox 1935 567 1974 604; x_wconf 89' lang='lat' dir='ltr'><strong>et</strong></span> 
     </span>
     <span class='ocr_line' id='line_1_6' title="bbox 251 630 1973 685; baseline -0.001 -10"><span class='ocrx_word' id='word_1_41' title='bbox 251 635 371 675; x_wconf 83' lang='lat' dir='ltr'><strong>choro</strong></span> <span class='ocrx_word' id='word_1_42' title='bbox 400 634 577 674; x_wconf 85' lang='lat' dir='ltr'><strong>vicissim</strong></span> <span class='ocrx_word' id='word_1_43' title='bbox 606 634 770 674; x_wconf 86' lang='lat' dir='ltr'><strong>recitata</strong></span> <span class='ocrx_word' id='word_1_44' title='bbox 798 634 958 685; x_wconf 85' lang='lat' dir='ltr'><strong>paribus</strong></span> <span class='ocrx_word' id='word_1_45' title='bbox 991 636 1016 674; x_wconf 89' lang='lat'><strong>3</strong></span> <span class='ocrx_word' id='word_1_46' title='bbox 1034 630 1080 676; x_wconf 87' lang='grc' dir='ltr'><strong>-Ι-</strong></span> <span class='ocrx_word' id='word_1_47' title='bbox 1105 636 1126 673; x_wconf 88' lang='grc'>1</span> <span class='ocrx_word' id='word_1_48' title='bbox 1161 634 1379 674; x_wconf 85' lang='lat' dir='ltr'><strong>constantia</strong></span> <span class='ocrx_word' id='word_1_49' title='bbox 1409 647 1487 674; x_wconf 91' lang='lat' dir='ltr'><strong>non</strong></span> <span class='ocrx_word' id='word_1_50' title='bbox 1509 638 1679 674; x_wconf 87' lang='lat' dir='ltr'><strong>exstant.</strong></span> <span class='ocrx_word' id='word_1_51' title='bbox 1698 658 1757 663; x_wconf 84' lang='lat'><strong>--</strong></span> <span class='ocrx_word' id='word_1_52' title='bbox 1777 639 1818 676; x_wconf 90' lang='lat' dir='ltr'><strong>at</strong></span> <span class='ocrx_word' id='word_1_53' title='bbox 1848 636 1973 675; x_wconf 84' lang='lat' dir='ltr'><strong>forma</strong></span> 
     </span>
     <span class='ocr_line' id='line_1_7' title="bbox 253 703 1972 758; baseline 0 -12"><span class='ocrx_word' id='word_1_54' title='bbox 253 707 279 746; x_wconf 84' lang='lat'><strong>3</strong></span> <span class='ocrx_word' id='word_1_55' title='bbox 301 703 348 748; x_wconf 84' lang='lat'>÷</span> <span class='ocrx_word' id='word_1_56' title='bbox 371 706 396 746; x_wconf 85' lang='lat'>2</span> <span class='ocrx_word' id='word_1_57' title='bbox 429 718 510 745; x_wconf 89' lang='lat' dir='ltr'><strong>non</strong></span> <span class='ocrx_word' id='word_1_58' title='bbox 549 709 612 746; x_wconf 89' lang='lat' dir='ltr'><strong>est</strong></span> <span class='ocrx_word' id='word_1_59' title='bbox 641 706 894 757; x_wconf 80' lang='lat' dir='ltr'><strong>frequentior.</strong></span> <span class='ocrx_word' id='word_1_60' title='bbox 934 704 1072 757; x_wconf 90' lang='lat' dir='ltr'><strong>Suppl.</strong></span> <span class='ocrx_word' id='word_1_61' title='bbox 1103 706 1188 745; x_wconf 86' lang='lat'><strong>348</strong></span> <span class='ocrx_word' id='word_1_62' title='bbox 1222 705 1420 745; x_wconf 84' lang='lat' dir='ltr'><strong>Danaides</strong></span> <span class='ocrx_word' id='word_1_63' title='bbox 1450 709 1660 758; x_wconf 84' lang='lat' dir='ltr'><strong>postquam</strong></span> <span class='ocrx_word' id='word_1_64' title='bbox 1693 707 1823 746; x_wconf 88' lang='lat' dir='ltr'><strong>verbis</strong></span> <span class='ocrx_word' id='word_1_65' title='bbox 1853 706 1972 747; x_wconf 88' lang='lat' dir='ltr'><strong>nudis</strong></span> 
     </span>
     <span class='ocr_line' id='line_1_8' title="bbox 249 777 1972 830; baseline 0.001 -13"><span class='ocrx_word' id='word_1_66' title='bbox 249 777 351 828; x_wconf 81' lang='lat' dir='ltr'><strong>Regi</strong></span> <span class='ocrx_word' id='word_1_67' title='bbox 387 789 431 817; x_wconf 88' lang='lat' dir='ltr'><strong>se</strong></span> <span class='ocrx_word' id='word_1_68' title='bbox 467 777 704 828; x_wconf 87' lang='lat' dir='ltr'><strong>persuadere</strong></span> <span class='ocrx_word' id='word_1_69' title='bbox 733 777 896 828; x_wconf 88' lang='lat' dir='ltr'><strong>nequire</strong></span> <span class='ocrx_word' id='word_1_70' title='bbox 926 777 1221 825; x_wconf 85' lang='lat' dir='ltr'><strong>intellexerunt,</strong></span> <span class='ocrx_word' id='word_1_71' title='bbox 1258 777 1309 816; x_wconf 90' lang='lat' dir='ltr'><strong>ad</strong></span> <span class='ocrx_word' id='word_1_72' title='bbox 1346 780 1506 817; x_wconf 88' lang='lat' dir='ltr'><strong>cantum</strong></span> <span class='ocrx_word' id='word_1_73' title='bbox 1540 777 1845 830; x_wconf 88' lang='lat' dir='ltr'><strong>(dochmiacum)</strong></span> <span class='ocrx_word' id='word_1_74' title='bbox 1879 790 1972 818; x_wconf 90' lang='lat' dir='ltr'><strong>con-</strong></span> 
     </span>
     <span class='ocr_line' id='line_1_9' title="bbox 249 848 1973 901; baseline 0.001 -13"><span class='ocrx_word' id='word_1_75' title='bbox 249 860 390 888; x_wconf 78' lang='lat' dir='ltr'><strong>versae</strong></span> <span class='ocrx_word' id='word_1_76' title='bbox 419 848 495 888; x_wconf 88' lang='lat' dir='ltr'><strong>tria</strong></span> <span class='ocrx_word' id='word_1_77' title='bbox 527 852 685 888; x_wconf 79' lang='lat' dir='ltr'><strong>cantant</strong></span> <span class='ocrx_word' id='word_1_78' title='bbox 716 849 968 900; x_wconf 85' lang='lat' dir='ltr'><strong>stropharum</strong></span> <span class='ocrx_word' id='word_1_79' title='bbox 998 849 1108 900; x_wconf 87' lang='lat' dir='ltr'><strong>paria</strong></span> <span class='ocrx_word' id='word_1_80' title='bbox 1138 849 1209 888; x_wconf 90' lang='lat' dir='ltr'><strong>illo</strong></span> <span class='ocrx_word' id='word_1_81' title='bbox 1239 849 1407 899; x_wconf 87' lang='lat' dir='ltr'><strong>singulis</strong></span> <span class='ocrx_word' id='word_1_82' title='bbox 1433 850 1606 900; x_wconf 90' lang='lat' dir='ltr'><strong>strophis</strong></span> <span class='ocrx_word' id='word_1_83' title='bbox 1626 849 1778 901; x_wconf 85' lang='lat' dir='ltr'><strong>quinos,</strong></span> <span class='ocrx_word' id='word_1_84' title='bbox 1810 850 1973 890; x_wconf 86' lang='lat' dir='ltr'><strong>ultimae</strong></span> 
     </span>
     <span class='ocr_line' id='line_1_10' title="bbox 249 914 1972 972; baseline 0.001 -13"><span class='ocrx_word' id='word_1_85' title='bbox 249 931 343 960; x_wconf 85' lang='lat' dir='ltr'><strong>vero</strong></span> <span class='ocrx_word' id='word_1_86' title='bbox 373 920 560 960; x_wconf 81' lang='lat' dir='ltr'><strong>undecim</strong></span> <span class='ocrx_word' id='word_1_87' title='bbox 591 920 831 971; x_wconf 86' lang='lat' dir='ltr'><strong>adiungente</strong></span> <span class='ocrx_word' id='word_1_88' title='bbox 861 921 1073 970; x_wconf 83' lang='lat' dir='ltr'><strong>trimetros,</strong></span> <span class='ocrx_word' id='word_1_89' title='bbox 1105 914 1249 972; x_wconf 88' lang='lat' dir='ltr'><strong>quibus</strong></span> <span class='ocrx_word' id='word_1_90' title='bbox 1279 920 1387 972; x_wconf 91' lang='lat' dir='ltr'><strong>prior</strong></span> <span class='ocrx_word' id='word_1_91' title='bbox 1410 921 1608 960; x_wconf 82' lang='lat' dir='ltr'><strong>clauditur</strong></span> <span class='ocrx_word' id='word_1_92' title='bbox 1626 933 1729 972; x_wconf 86' lang='lat' dir='ltr'><strong>pars.</strong></span> <span class='ocrx_word' id='word_1_93' title='bbox 1750 922 1799 960; x_wconf 89' lang='lat' dir='ltr'><strong>de</strong></span> <span class='ocrx_word' id='word_1_94' title='bbox 1817 922 1972 972; x_wconf 89' lang='lat' dir='ltr'><strong>integro</strong></span> 
     </span>
     <span class='ocr_line' id='line_1_11' title="bbox 249 991 1971 1044; baseline 0.001 -13"><span class='ocrx_word' id='word_1_95' title='bbox 249 991 510 1031; x_wconf 86' lang='lat' dir='ltr'><strong>exordiuntur</strong></span> <span class='ocrx_word' id='word_1_96' title='bbox 540 992 709 1032; x_wconf 79' lang='lat' dir='ltr'><strong>feminae</strong></span> <span class='ocrx_word' id='word_1_97' title='bbox 741 1004 892 1042; x_wconf 83' lang='lat' dir='ltr'><strong>canere,</strong></span> <span class='ocrx_word' id='word_1_98' title='bbox 928 1004 1034 1031; x_wconf 91' lang='lat' dir='ltr'><strong>nunc</strong></span> <span class='ocrx_word' id='word_1_99' title='bbox 1064 991 1225 1043; x_wconf 87' lang='lat' dir='ltr'><strong>quidem</strong></span> <span class='ocrx_word' id='word_1_100' title='bbox 1256 991 1335 1031; x_wconf 90' lang='lat' dir='ltr'><strong>duo</strong></span> <span class='ocrx_word' id='word_1_101' title='bbox 1364 993 1474 1043; x_wconf 86' lang='lat' dir='ltr'><strong>paria</strong></span> <span class='ocrx_word' id='word_1_102' title='bbox 1502 993 1690 1044; x_wconf 87' lang='lat' dir='ltr'><strong>paeonica</strong></span> <span class='ocrx_word' id='word_1_103' title='bbox 1719 993 1890 1032; x_wconf 85' lang='lat' dir='ltr'><strong>maxima</strong></span> <span class='ocrx_word' id='word_1_104' title='bbox 1921 1005 1971 1032; x_wconf 82' lang='lat' dir='ltr'><strong>ex</strong></span> 
     </span>
     <span class='ocr_line' id='line_1_12' title="bbox 248 1063 1832 1115; baseline -0.001 -11"><span class='ocrx_word' id='word_1_105' title='bbox 248 1066 372 1115; x_wconf 78' lang='lat' dir='ltr'><strong>parte,</strong></span> <span class='ocrx_word' id='word_1_106' title='bbox 412 1063 522 1114; x_wconf 86' lang='lat' dir='ltr'><strong>Rege</strong></span> <span class='ocrx_word' id='word_1_107' title='bbox 552 1067 643 1114; x_wconf 86' lang='lat' dir='ltr'><strong>post</strong></span> <span class='ocrx_word' id='word_1_108' title='bbox 673 1064 820 1115; x_wconf 89' lang='lat' dir='ltr'><strong>stroph.</strong></span> <span class='ocrx_word' id='word_1_109' title='bbox 854 1077 872 1103; x_wconf 85' lang='grc' dir='ltr'><em>ε</em></span> <span class='ocrx_word' id='word_1_110' title='bbox 902 1063 1061 1103; x_wconf 91' lang='lat' dir='ltr'><strong>demum</strong></span> <span class='ocrx_word' id='word_1_111' title='bbox 1092 1064 1213 1103; x_wconf 86' lang='lat' dir='ltr'><strong>verba</strong></span> <span class='ocrx_word' id='word_1_112' title='bbox 1242 1064 1422 1103; x_wconf 78' lang='lat' dir='ltr'><strong>faciente.</strong></span> <span class='ocrx_word' id='word_1_113' title='bbox 1483 1067 1680 1103; x_wconf 87' lang='lat' dir='ltr'><strong>structura</strong></span> <span class='ocrx_word' id='word_1_114' title='bbox 1710 1065 1832 1115; x_wconf 89' lang='lat' dir='ltr'><strong>igitur</strong></span> 
     </span>
    </p>
   </div>
   <div class='ocr_carea' id='block_1_3' title="bbox 573 1148 1637 1343">
    <p class='ocr_par' dir='ltr' id='par_1_3' title="bbox 573 1148 1637 1343">
     <span class='ocr_line' id='line_1_13' title="bbox 574 1148 1613 1199; baseline 0.002 -13"><span class='ocrx_word' id='word_1_115' title='bbox 574 1161 601 1186; x_wconf 89' lang='grc' dir='ltr'>α</span> <span class='ocrx_word' id='word_1_116' title='bbox 699 1160 789 1187; x_wconf 90' lang='lat' dir='ltr'><strong>cum</strong></span> <span class='ocrx_word' id='word_1_117' title='bbox 820 1148 924 1188; x_wconf 89' lang='lat' dir='ltr'><strong>trim.</strong></span> <span class='ocrx_word' id='word_1_118' title='bbox 957 1149 1017 1199; x_wconf 78' lang='grc' dir='ltr'><strong>(ὃ)</strong></span> <span class='ocrx_word' id='word_1_119' title='bbox 1469 1158 1613 1178; x_wconf 34' lang='grc' dir='ltr'><strong>ν-’Ὰ</strong></span> 
     </span>
     <span class='ocr_line' id='line_1_14' title="bbox 573 1208 1587 1272; baseline 0.003 -4"><span class='ocrx_word' id='word_1_120' title='bbox 573 1221 602 1268; x_wconf 76' lang='grc' dir='ltr'>β</span> <span class='ocrx_word' id='word_1_121' title='bbox 776 1243 834 1247; x_wconf 80' lang='lat'>—</span> <span class='ocrx_word' id='word_1_122' title='bbox 956 1217 1017 1272; x_wconf 81' lang='lat'><strong>(5)</strong></span> <span class='ocrx_word' id='word_1_123' title='bbox 1503 1208 1525 1247; x_wconf 68' lang='grc' dir='ltr'><em>ὅ</em></span> <span class='ocrx_word' id='word_1_124' title='bbox 1570 1222 1587 1247; x_wconf 59' lang='grc' dir='ltr'><em>ε</em></span> 
     </span>
     <span class='ocr_line' id='line_1_15' title="bbox 573 1280 1637 1343; baseline 0.001 -26"><span class='ocrx_word' id='word_1_125' title='bbox 573 1304 599 1340; x_wconf 74' lang='lat'>7</span> <span class='ocrx_word' id='word_1_126' title='bbox 778 1315 835 1318; x_wconf 81' lang='lat'><strong>—</strong></span> <span class='ocrx_word' id='word_1_127' title='bbox 957 1293 1013 1341; x_wconf 48' lang='lat'><strong>(5.</strong></span> <span class='ocrx_word' id='word_1_128' title='bbox 1050 1290 1121 1343; x_wconf 83' lang='lat'><strong>11)</strong></span> <span class='ocrx_word' id='word_1_129' title='bbox 1444 1280 1550 1319; x_wconf 91' lang='lat' dir='ltr'><strong>trim.</strong></span> <span class='ocrx_word' id='word_1_130' title='bbox 1586 1281 1637 1319; x_wconf 88' lang='grc'><strong>17</strong></span> 
     </span>
    </p>
   </div>
   <div class='ocr_carea' id='block_1_4' title="bbox 246 1383 1975 2731">
    <p class='ocr_par' dir='ltr' id='par_1_4' title="bbox 394 1383 1971 1442">
     <span class='ocr_line' id='line_1_16' title="bbox 394 1383 1971 1442; baseline 0.001 -17"><span class='ocrx_word' id='word_1_131' title='bbox 394 1385 605 1426; x_wconf 83' lang='lat' dir='ltr'><strong>Persarum</strong></span> <span class='ocrx_word' id='word_1_132' title='bbox 647 1398 825 1427; x_wconf 88' lang='lat' dir='ltr'><strong>commus</strong></span> <span class='ocrx_word' id='word_1_133' title='bbox 865 1387 1146 1427; x_wconf 85' lang='lat' dir='ltr'><strong>celeberrimus</strong></span> <span class='ocrx_word' id='word_1_134' title='bbox 1177 1385 1299 1439; x_wconf 84' lang='lat'>(932)</span> <span class='ocrx_word' id='word_1_135' title='bbox 1340 1399 1362 1426; x_wconf 91' lang='lat' dir='ltr'><strong>e</strong></span> <span class='ocrx_word' id='word_1_136' title='bbox 1397 1389 1419 1427; x_wconf 87' lang='lat'><strong>7</strong></span> <span class='ocrx_word' id='word_1_137' title='bbox 1436 1383 1488 1442; x_wconf 76' lang='lat' dir='ltr'><strong>¹s2</strong></span> <span class='ocrx_word' id='word_1_138' title='bbox 1532 1387 1772 1438; x_wconf 87' lang='lat' dir='ltr'><strong>compositus</strong></span> <span class='ocrx_word' id='word_1_139' title='bbox 1812 1387 1971 1438; x_wconf 89' lang='lat' dir='ltr'><strong>paribus</strong></span> 
     </span>
    </p>

    <p class='ocr_par' dir='ltr' id='par_1_5' title="bbox 247 1457 1972 1941">
     <span class='ocr_line' id='line_1_17' title="bbox 250 1457 1804 1510; baseline 0.001 -14"><span class='ocrx_word' id='word_1_140' title='bbox 250 1457 469 1496; x_wconf 89' lang='lat' dir='ltr'><strong>secundum</strong></span> <span class='ocrx_word' id='word_1_141' title='bbox 499 1470 696 1509; x_wconf 89' lang='lat' dir='ltr'><strong>numeros,</strong></span> <span class='ocrx_word' id='word_1_142' title='bbox 728 1459 896 1498; x_wconf 78' lang='lat' dir='ltr'><strong>formam</strong></span> <span class='ocrx_word' id='word_1_143' title='bbox 927 1462 1076 1507; x_wconf 85' lang='lat' dir='ltr'><strong>cantus,</strong></span> <span class='ocrx_word' id='word_1_144' title='bbox 1109 1459 1325 1498; x_wconf 86' lang='lat' dir='ltr'><strong>sententias</strong></span> <span class='ocrx_word' id='word_1_145' title='bbox 1355 1458 1595 1509; x_wconf 85' lang='lat' dir='ltr'><strong>disiungitur</strong></span> <span class='ocrx_word' id='word_1_146' title='bbox 1625 1459 1666 1497; x_wconf 91' lang='lat' dir='ltr'><strong>in</strong></span> <span class='ocrx_word' id='word_1_147' title='bbox 1696 1459 1804 1510; x_wconf 83' lang='lat' dir='ltr'><strong>paria</strong></span> 
     </span>
     <span class='ocr_line' id='line_1_18' title="bbox 822 1526 1409 1586; baseline -0.002 -16"><span class='ocrx_word' id='word_1_148' title='bbox 822 1532 847 1570; x_wconf 88' lang='lat'><strong>3</strong></span> <span class='ocrx_word' id='word_1_149' title='bbox 867 1526 915 1574; x_wconf 76' lang='lat' dir='ltr'><strong>-l-</strong></span> <span class='ocrx_word' id='word_1_150' title='bbox 936 1531 960 1569; x_wconf 84' lang='lat'>2</span> <span class='ocrx_word' id='word_1_151' title='bbox 981 1526 1029 1574; x_wconf 87' lang='lat'><strong>-{-</strong></span> <span class='ocrx_word' id='word_1_152' title='bbox 1050 1531 1073 1569; x_wconf 84' lang='lat'><strong>2</strong></span> <span class='ocrx_word' id='word_1_153' title='bbox 1093 1528 1145 1586; x_wconf 73' lang='lat' dir='ltr'><strong>¹s2</strong></span> <span class='ocrx_word' id='word_1_154' title='bbox 1180 1530 1409 1582; x_wconf 56' lang='lat' dir='ltr'><strong>(iambicam,</strong></span> 
     </span>
     <span class='ocr_line' id='line_1_19' title="bbox 249 1591 1972 1654; baseline 0.001 -15"><span class='ocrx_word' id='word_1_155' title='bbox 249 1591 444 1652; x_wconf 85' lang='lat' dir='ltr'><strong>siquidem</strong></span> <span class='ocrx_word' id='word_1_156' title='bbox 482 1601 574 1641; x_wconf 92' lang='lat' dir='ltr'><strong>inde</strong></span> <span class='ocrx_word' id='word_1_157' title='bbox 610 1614 633 1640; x_wconf 87' lang='lat' dir='ltr'><strong>a</strong></span> <span class='ocrx_word' id='word_1_158' title='bbox 672 1603 834 1653; x_wconf 88' lang='lat' dir='ltr'><strong>stropha</strong></span> <span class='ocrx_word' id='word_1_159' title='bbox 867 1602 890 1641; x_wconf 83' lang='grc' dir='ltr'><em>ὁ</em></span> <span class='ocrx_word' id='word_1_160' title='bbox 923 1599 1140 1651; x_wconf 79' lang='grc' dir='ltr'><em>ἀμοιβεῖον</em></span> <span class='ocrx_word' id='word_1_161' title='bbox 1170 1602 1309 1653; x_wconf 89' lang='lat' dir='ltr'><strong>incipit</strong></span> <span class='ocrx_word' id='word_1_162' title='bbox 1338 1603 1498 1654; x_wconf 87' lang='lat' dir='ltr'><strong>proprie</strong></span> <span class='ocrx_word' id='word_1_163' title='bbox 1528 1602 1739 1641; x_wconf 89' lang='lat' dir='ltr'><strong>dicendum</strong></span> <span class='ocrx_word' id='word_1_164' title='bbox 1770 1602 1972 1653; x_wconf 89' lang='lat' dir='ltr'><strong>responsis</strong></span> 
     </span>
     <span class='ocr_line' id='line_1_20' title="bbox 248 1667 1971 1725; baseline 0.001 -14"><span class='ocrx_word' id='word_1_165' title='bbox 248 1667 359 1712; x_wconf 82' lang='grc' dir='ltr'><strong><em>κατὰ</em></strong></span> <span class='ocrx_word' id='word_1_166' title='bbox 393 1673 540 1722; x_wconf 83' lang='grc' dir='ltr'><strong><em>στίχον</em></strong></span> <span class='ocrx_word' id='word_1_167' title='bbox 575 1673 689 1722; x_wconf 84' lang='lat' dir='ltr'><strong>datis,</strong></span> <span class='ocrx_word' id='word_1_168' title='bbox 727 1685 820 1712; x_wconf 89' lang='lat' dir='ltr'><strong>cum</strong></span> <span class='ocrx_word' id='word_1_169' title='bbox 849 1673 892 1712; x_wconf 92' lang='lat' dir='ltr'><strong>in</strong></span> <span class='ocrx_word' id='word_1_170' title='bbox 923 1674 1122 1724; x_wconf 88' lang='lat' dir='ltr'><strong>prioribus</strong></span> <span class='ocrx_word' id='word_1_171' title='bbox 1159 1677 1200 1714; x_wconf 90' lang='lat' dir='ltr'><strong>et</strong></span> <span class='ocrx_word' id='word_1_172' title='bbox 1230 1674 1372 1714; x_wconf 88' lang='lat' dir='ltr'><strong>histrio</strong></span> <span class='ocrx_word' id='word_1_173' title='bbox 1409 1677 1450 1714; x_wconf 89' lang='lat' dir='ltr'><strong>et</strong></span> <span class='ocrx_word' id='word_1_174' title='bbox 1481 1674 1626 1713; x_wconf 88' lang='lat' dir='ltr'><strong>chorus</strong></span> <span class='ocrx_word' id='word_1_175' title='bbox 1657 1686 1769 1713; x_wconf 89' lang='lat' dir='ltr'><strong>suam</strong></span> <span class='ocrx_word' id='word_1_176' title='bbox 1802 1674 1971 1725; x_wconf 87' lang='lat' dir='ltr'><strong>quisque</strong></span> 
     </span>
     <span class='ocr_line' id='line_1_21' title="bbox 247 1743 1971 1798; baseline 0.001 -15"><span class='ocrx_word' id='word_1_177' title='bbox 247 1743 390 1784; x_wconf 80' lang='lat' dir='ltr'><strong>habeat</strong></span> <span class='ocrx_word' id='word_1_178' title='bbox 427 1744 730 1784; x_wconf 84' lang='lat' dir='ltr'><strong>cantiunculam.</strong></span> <span class='ocrx_word' id='word_1_179' title='bbox 796 1745 949 1785; x_wconf 84' lang='lat' dir='ltr'><strong>accedit</strong></span> <span class='ocrx_word' id='word_1_180' title='bbox 988 1746 1094 1797; x_wconf 89' lang='lat' dir='ltr'><strong>quod</strong></span> <span class='ocrx_word' id='word_1_181' title='bbox 1133 1746 1226 1785; x_wconf 90' lang='lat' dir='ltr'><strong>inde</strong></span> <span class='ocrx_word' id='word_1_182' title='bbox 1265 1746 1313 1785; x_wconf 93' lang='lat' dir='ltr'><strong>ab</strong></span> <span class='ocrx_word' id='word_1_183' title='bbox 1355 1758 1414 1785; x_wconf 74' lang='lat' dir='ltr'><strong>eav</strong></span> <span class='ocrx_word' id='word_1_184' title='bbox 1438 1746 1527 1798; x_wconf 89' lang='lat' dir='ltr'><strong>ipsa</strong></span> <span class='ocrx_word' id='word_1_185' title='bbox 1567 1747 1729 1797; x_wconf 87' lang='lat' dir='ltr'><strong>stropha</strong></span> <span class='ocrx_word' id='word_1_186' title='bbox 1767 1757 1838 1796; x_wconf 88' lang='lat' dir='ltr'><strong>pro</strong></span> <span class='ocrx_word' id='word_1_187' title='bbox 1877 1757 1971 1785; x_wconf 86' lang='lat' dir='ltr'><strong>ana-</strong></span> 
     </span>
     <span class='ocr_line' id='line_1_22' title="bbox 247 1815 1685 1869; baseline 0.002 -14"><span class='ocrx_word' id='word_1_188' title='bbox 247 1815 398 1867; x_wconf 82' lang='lat' dir='ltr'><strong>paestis</strong></span> <span class='ocrx_word' id='word_1_189' title='bbox 427 1816 644 1855; x_wconf 85' lang='lat' dir='ltr'><strong>recitantur</strong></span> <span class='ocrx_word' id='word_1_190' title='bbox 673 1817 792 1856; x_wconf 89' lang='lat' dir='ltr'><strong>iambi</strong></span> <span class='ocrx_word' id='word_1_191' title='bbox 822 1817 1087 1868; x_wconf 91' lang='lat' dir='ltr'><strong>dochmiique.</strong></span> <span class='ocrx_word' id='word_1_192' title='bbox 1149 1821 1267 1869; x_wconf 88' lang='lat' dir='ltr'><strong>atque</strong></span> <span class='ocrx_word' id='word_1_193' title='bbox 1297 1818 1417 1857; x_wconf 89' lang='lat' dir='ltr'><strong>iambi</strong></span> <span class='ocrx_word' id='word_1_194' title='bbox 1446 1830 1469 1857; x_wconf 83' lang='lat' dir='ltr'><strong>a</strong></span> <span class='ocrx_word' id='word_1_195' title='bbox 1500 1830 1536 1857; x_wconf 86' lang='lat' dir='ltr'><strong>v.</strong></span> <span class='ocrx_word' id='word_1_196' title='bbox 1573 1818 1685 1858; x_wconf 88' lang='lat'><strong>1038</strong></span> 
     </span>
     <span class='ocr_line' id='line_1_23' title="bbox 636 1884 1586 1941; baseline 0.001 -14"><span class='ocrx_word' id='word_1_197' title='bbox 636 1888 765 1928; x_wconf 75' lang='grc' dir='ltr'><em>δίαινε</em></span> <span class='ocrx_word' id='word_1_198' title='bbox 799 1889 927 1928; x_wconf 74' lang='grc' dir='ltr'><em>δίαινε</em></span> <span class='ocrx_word' id='word_1_199' title='bbox 959 1885 1228 1941; x_wconf 83' lang='grc' dir='ltr'><em>πῆμα·πρὸς</em></span> <span class='ocrx_word' id='word_1_200' title='bbox 1260 1884 1420 1938; x_wconf 77' lang='grc' dir='ltr'><strong><em>δόμους</em></strong></span> <span class='ocrx_word' id='word_1_201' title='bbox 1452 1887 1489 1929; x_wconf 80' lang='lat'><strong>‹5&#39;</strong></span> <span class='ocrx_word' id='word_1_202' title='bbox 1510 1888 1586 1939; x_wconf 77' lang='grc' dir='ltr'><em>ἴθι,</em></span> 
     </span>
    </p>

    <p class='ocr_par' dir='ltr' id='par_1_6' title="bbox 247 1957 1970 2153">
     <span class='ocr_line' id='line_1_24' title="bbox 247 1957 1970 2013; baseline 0.001 -16"><span class='ocrx_word' id='word_1_203' title='bbox 247 1957 359 1998; x_wconf 89' lang='lat' dir='ltr'><strong>initio</strong></span> <span class='ocrx_word' id='word_1_204' title='bbox 390 1959 574 2010; x_wconf 84' lang='lat' dir='ltr'><strong>strophae</strong></span> <span class='ocrx_word' id='word_1_205' title='bbox 609 1962 646 2009; x_wconf 88' lang='lat'><strong>6,</strong></span> <span class='ocrx_word' id='word_1_206' title='bbox 685 1960 798 1999; x_wconf 91' lang='lat' dir='ltr'><strong>initio</strong></span> <span class='ocrx_word' id='word_1_207' title='bbox 830 1961 959 2013; x_wconf 80' lang='lat' dir='ltr'><strong>exodi,</strong></span> <span class='ocrx_word' id='word_1_208' title='bbox 996 1961 1085 2012; x_wconf 89' lang='lat' dir='ltr'><strong>puri</strong></span> <span class='ocrx_word' id='word_1_209' title='bbox 1126 1961 1340 2000; x_wconf 88' lang='lat' dir='ltr'><strong>decurrunt</strong></span> <span class='ocrx_word' id='word_1_210' title='bbox 1377 1965 1505 2012; x_wconf 85' lang='lat' dir='ltr'><strong>usque</strong></span> <span class='ocrx_word' id='word_1_211' title='bbox 1542 1961 1592 2001; x_wconf 91' lang='lat' dir='ltr'><strong>ad</strong></span> <span class='ocrx_word' id='word_1_212' title='bbox 1629 1961 1749 2000; x_wconf 88' lang='lat' dir='ltr'><strong>finem</strong></span> <span class='ocrx_word' id='word_1_213' title='bbox 1781 1959 1847 2013; x_wconf 85' lang='lat' dir='ltr'><strong>(cf.</strong></span> <span class='ocrx_word' id='word_1_214' title='bbox 1880 1960 1970 2000; x_wconf 92' lang='lat' dir='ltr'><strong>Wil.</strong></span> 
     </span>
     <span class='ocr_line' id='line_1_25' title="bbox 247 2028 1969 2086; baseline 0.001 -17"><span class='ocrx_word' id='word_1_215' title='bbox 247 2029 354 2070; x_wconf 87' lang='lat' dir='ltr'><strong>Com.</strong></span> <span class='ocrx_word' id='word_1_216' title='bbox 383 2034 496 2070; x_wconf 88' lang='lat' dir='ltr'><strong>metr.</strong></span> <span class='ocrx_word' id='word_1_217' title='bbox 528 2031 587 2080; x_wconf 88' lang='lat' dir='ltr'><strong>H,</strong></span> <span class='ocrx_word' id='word_1_218' title='bbox 622 2028 712 2086; x_wconf 87' lang='lat'><strong>23).</strong></span> <span class='ocrx_word' id='word_1_219' title='bbox 748 2032 883 2084; x_wconf 90' lang='lat' dir='ltr'><strong>itaque</strong></span> <span class='ocrx_word' id='word_1_220' title='bbox 926 2044 1118 2083; x_wconf 91' lang='lat' dir='ltr'><strong>perquam</strong></span> <span class='ocrx_word' id='word_1_221' title='bbox 1161 2032 1381 2084; x_wconf 86' lang='lat' dir='ltr'><strong>propinqua</strong></span> <span class='ocrx_word' id='word_1_222' title='bbox 1412 2037 1474 2072; x_wconf 90' lang='lat' dir='ltr'><strong>est</strong></span> <span class='ocrx_word' id='word_1_223' title='bbox 1504 2033 1658 2072; x_wconf 86' lang='lat' dir='ltr'><strong>exodus</strong></span> <span class='ocrx_word' id='word_1_224' title='bbox 1688 2033 1846 2084; x_wconf 87' lang='lat' dir='ltr'><strong>parodis</strong></span> <span class='ocrx_word' id='word_1_225' title='bbox 1890 2032 1969 2071; x_wconf 87' lang='lat' dir='ltr'><strong>illis</strong></span> 
     </span>
     <span class='ocr_line' id='line_1_26' title="bbox 247 2102 611 2153; baseline 0 -11"><span class='ocrx_word' id='word_1_226' title='bbox 247 2114 368 2153; x_wconf 88' lang='lat' dir='ltr'><strong>supra</strong></span> <span class='ocrx_word' id='word_1_227' title='bbox 397 2102 611 2153; x_wconf 88' lang='lat' dir='ltr'><strong>dispositis.</strong></span> 
     </span>
    </p>

    <p class='ocr_par' dir='ltr' id='par_1_7' title="bbox 246 2174 1975 2731">
     <span class='ocr_line' id='line_1_27' title="bbox 391 2174 1970 2228; baseline 0.002 -16"><span class='ocrx_word' id='word_1_228' title='bbox 391 2185 507 2225; x_wconf 89' lang='lat' dir='ltr'><strong>porro</strong></span> <span class='ocrx_word' id='word_1_229' title='bbox 538 2174 838 2226; x_wconf 85' lang='lat' dir='ltr'><strong>epirrhematica</strong></span> <span class='ocrx_word' id='word_1_230' title='bbox 870 2174 976 2227; x_wconf 88' lang='lat' dir='ltr'><strong>Sept.</strong></span> <span class='ocrx_word' id='word_1_231' title='bbox 1010 2177 1109 2215; x_wconf 86' lang='lat'><strong>417.</strong></span> <span class='ocrx_word' id='word_1_232' title='bbox 1141 2176 1255 2216; x_wconf 83' lang='lat' dir='ltr'><strong>Eum.</strong></span> <span class='ocrx_word' id='word_1_233' title='bbox 1291 2178 1374 2216; x_wconf 84' lang='lat'><strong>778</strong></span> <span class='ocrx_word' id='word_1_234' title='bbox 1406 2177 1558 2216; x_wconf 89' lang='lat' dir='ltr'><strong>ratione</strong></span> <span class='ocrx_word' id='word_1_235' title='bbox 1589 2176 1782 2228; x_wconf 88' lang='lat' dir='ltr'><strong>persimili</strong></span> <span class='ocrx_word' id='word_1_236' title='bbox 1812 2187 1970 2227; x_wconf 90' lang='lat' dir='ltr'><strong>compo-</strong></span> 
     </span>
     <span class='ocr_line' id='line_1_28' title="bbox 247 2244 1971 2300; baseline 0.001 -16"><span class='ocrx_word' id='word_1_237' title='bbox 247 2245 323 2285; x_wconf 81' lang='lat' dir='ltr'><strong>sita</strong></span> <span class='ocrx_word' id='word_1_238' title='bbox 359 2244 453 2285; x_wconf 78' lang='lat' dir='ltr'><strong>&#39;esse</strong></span> <span class='ocrx_word' id='word_1_239' title='bbox 490 2245 584 2297; x_wconf 91' lang='lat' dir='ltr'><strong>quin</strong></span> <span class='ocrx_word' id='word_1_240' title='bbox 621 2247 825 2296; x_wconf 86' lang='lat' dir='ltr'><strong>concedas,</strong></span> <span class='ocrx_word' id='word_1_241' title='bbox 868 2248 1004 2287; x_wconf 92' lang='lat' dir='ltr'><strong>nullus</strong></span> <span class='ocrx_word' id='word_1_242' title='bbox 1047 2248 1192 2287; x_wconf 90' lang='lat' dir='ltr'><strong>dubito.</strong></span> <span class='ocrx_word' id='word_1_243' title='bbox 1255 2249 1415 2300; x_wconf 89' lang='lat' dir='ltr'><strong>Septem</strong></span> <span class='ocrx_word' id='word_1_244' title='bbox 1447 2249 1525 2288; x_wconf 83' lang='lat' dir='ltr'><strong>fab.</strong></span> <span class='ocrx_word' id='word_1_245' title='bbox 1564 2260 1706 2288; x_wconf 87' lang='lat' dir='ltr'><strong>scaena</strong></span> <span class='ocrx_word' id='word_1_246' title='bbox 1748 2247 1971 2287; x_wconf 86' lang='lat' dir='ltr'><strong>admirabili</strong></span> 
     </span>
     <span class='ocr_line' id='line_1_29' title="bbox 247 2316 1969 2373; baseline 0.001 -17"><span class='ocrx_word' id='word_1_247' title='bbox 247 2317 442 2357; x_wconf 86' lang='lat' dir='ltr'><strong>elaborata</strong></span> <span class='ocrx_word' id='word_1_248' title='bbox 470 2322 556 2357; x_wconf 86' lang='lat' dir='ltr'><strong>arte</strong></span> <span class='ocrx_word' id='word_1_249' title='bbox 585 2330 637 2357; x_wconf 87' lang='lat' dir='ltr'><strong>ex</strong></span> <span class='ocrx_word' id='word_1_250' title='bbox 666 2319 793 2358; x_wconf 87' lang='lat' dir='ltr'><strong>nuntii</strong></span> <span class='ocrx_word' id='word_1_251' title='bbox 819 2319 1069 2371; x_wconf 84' lang='lat' dir='ltr'><strong>Eteoclisque</strong></span> <span class='ocrx_word' id='word_1_252' title='bbox 1102 2316 1273 2371; x_wconf 77' lang='grc' dir='ltr'><em>ρήσεσιν</em></span> <span class='ocrx_word' id='word_1_253' title='bbox 1303 2323 1422 2371; x_wconf 89' lang='lat' dir='ltr'><strong>atque</strong></span> <span class='ocrx_word' id='word_1_254' title='bbox 1452 2320 1559 2359; x_wconf 91' lang='lat' dir='ltr'><strong>chori</strong></span> <span class='ocrx_word' id='word_1_255' title='bbox 1586 2320 1771 2373; x_wconf 83' lang='lat' dir='ltr'><strong>strophis,</strong></span> <span class='ocrx_word' id='word_1_256' title='bbox 1803 2332 1969 2371; x_wconf 85' lang='lat' dir='ltr'><strong>quarum</strong></span> 
     </span>
     <span class='ocr_line' id='line_1_30' title="bbox 247 2388 1968 2442; baseline 0.002 -15"><span class='ocrx_word' id='word_1_257' title='bbox 247 2388 398 2439; x_wconf 85' lang='lat' dir='ltr'><strong>primae</strong></span> <span class='ocrx_word' id='word_1_258' title='bbox 439 2389 551 2428; x_wconf 87' lang='lat' dir='ltr'><strong>locus</strong></span> <span class='ocrx_word' id='word_1_259' title='bbox 594 2390 708 2441; x_wconf 81' lang='lat' dir='ltr'><strong>quasi</strong></span> <span class='ocrx_word' id='word_1_260' title='bbox 751 2391 935 2442; x_wconf 87' lang='lat' dir='ltr'><strong>expletus</strong></span> <span class='ocrx_word' id='word_1_261' title='bbox 980 2395 1041 2431; x_wconf 90' lang='lat' dir='ltr'><strong>est</strong></span> <span class='ocrx_word' id='word_1_262' title='bbox 1087 2403 1160 2431; x_wconf 87' lang='lat' dir='ltr'><strong>sex</strong></span> <span class='ocrx_word' id='word_1_263' title='bbox 1202 2392 1534 2431; x_wconf 90' lang='lat' dir='ltr'><strong>hemichoriorum</strong></span> <span class='ocrx_word' id='word_1_264' title='bbox 1578 2392 1723 2431; x_wconf 89' lang='lat' dir='ltr'><strong>ducum</strong></span> <span class='ocrx_word' id='word_1_265' title='bbox 1766 2391 1968 2441; x_wconf 82' lang='lat' dir='ltr'><strong>trimetris,</strong></span> 
     </span>
     <span class='ocr_line' id='line_1_31' title="bbox 246 2460 1971 2515; baseline 0.002 -16"><span class='ocrx_word' id='word_1_266' title='bbox 246 2460 462 2512; x_wconf 82' lang='lat' dir='ltr'><strong>composita</strong></span> <span class='ocrx_word' id='word_1_267' title='bbox 492 2464 554 2500; x_wconf 87' lang='lat' dir='ltr'><strong>est</strong></span> <span class='ocrx_word' id='word_1_268' title='bbox 582 2461 639 2501; x_wconf 88' lang='lat' dir='ltr'><strong>ita</strong></span> <span class='ocrx_word' id='word_1_269' title='bbox 670 2465 715 2501; x_wconf 93' lang='lat' dir='ltr'><strong>ut</strong></span> <span class='ocrx_word' id='word_1_270' title='bbox 744 2462 896 2502; x_wconf 84' lang='lat' dir='ltr'><strong>alterna</strong></span> <span class='ocrx_word' id='word_1_271' title='bbox 929 2463 1014 2503; x_wconf 88' lang='lat' dir='ltr'><strong>vice</strong></span> <span class='ocrx_word' id='word_1_272' title='bbox 1045 2475 1088 2503; x_wconf 88' lang='lat' dir='ltr'><strong>se</strong></span> <span class='ocrx_word' id='word_1_273' title='bbox 1117 2463 1318 2515; x_wconf 85' lang='lat' dir='ltr'><strong>excipiant</strong></span> <span class='ocrx_word' id='word_1_274' title='bbox 1355 2466 1390 2503; x_wconf 92' lang='lat'><strong>1.</strong></span> <span class='ocrx_word' id='word_1_275' title='bbox 1418 2464 1579 2515; x_wconf 86' lang='lat' dir='ltr'><strong>stropha</strong></span> <span class='ocrx_word' id='word_1_276' title='bbox 1601 2464 1712 2503; x_wconf 90' lang='lat' dir='ltr'><strong>chori</strong></span> <span class='ocrx_word' id='word_1_277' title='bbox 1743 2465 1781 2503; x_wconf 87' lang='grc'><strong>2.</strong></span> <span class='ocrx_word' id='word_1_278' title='bbox 1801 2463 1971 2503; x_wconf 89' lang='lat' dir='ltr'><strong>trimetri</strong></span> 
     </span>
     <span class='ocr_line' id='line_1_32' title="bbox 246 2531 1971 2587; baseline 0.002 -17"><span class='ocrx_word' id='word_1_279' title='bbox 246 2531 374 2571; x_wconf 84' lang='lat' dir='ltr'><strong>nuntii</strong></span> <span class='ocrx_word' id='word_1_280' title='bbox 414 2535 454 2572; x_wconf 91' lang='lat' dir='ltr'><strong>et</strong></span> <span class='ocrx_word' id='word_1_281' title='bbox 491 2533 692 2585; x_wconf 90' lang='lat' dir='ltr'><strong>principis.</strong></span> <span class='ocrx_word' id='word_1_282' title='bbox 753 2534 807 2574; x_wconf 86' lang='lat' dir='ltr'><strong>ita</strong></span> <span class='ocrx_word' id='word_1_283' title='bbox 846 2535 923 2574; x_wconf 85' lang='lat' dir='ltr'><strong>tria</strong></span> <span class='ocrx_word' id='word_1_284' title='bbox 952 2535 1181 2575; x_wconf 87' lang='lat' dir='ltr'><strong>efficiuntur</strong></span> <span class='ocrx_word' id='word_1_285' title='bbox 1223 2536 1344 2587; x_wconf 87' lang='lat' dir='ltr'><strong>paria.</strong></span> <span class='ocrx_word' id='word_1_286' title='bbox 1407 2536 1490 2575; x_wconf 85' lang='lat' dir='ltr'><strong>exit</strong></span> <span class='ocrx_word' id='word_1_287' title='bbox 1532 2535 1710 2585; x_wconf 84' lang='lat' dir='ltr'><strong>nuntius,</strong></span> <span class='ocrx_word' id='word_1_288' title='bbox 1748 2535 1971 2587; x_wconf 90' lang='lat' dir='ltr'><strong>insequitur</strong></span> 
     </span>
     <span class='ocr_line' id='line_1_33' title="bbox 247 2602 1969 2660; baseline 0.002 -18"><span class='ocrx_word' id='word_1_289' title='bbox 247 2602 591 2654; x_wconf 86' lang='lat' dir='ltr'><strong>epirrhematicum</strong></span> <span class='ocrx_word' id='word_1_290' title='bbox 632 2605 741 2645; x_wconf 92' lang='lat' dir='ltr'><strong>chori</strong></span> <span class='ocrx_word' id='word_1_291' title='bbox 771 2605 1022 2658; x_wconf 84' lang='lat' dir='ltr'><strong>Eteoclisque</strong></span> <span class='ocrx_word' id='word_1_292' title='bbox 1062 2611 1265 2653; x_wconf 18' lang='lat' dir='ltr'><strong>constans*</strong></span> <span class='ocrx_word' id='word_1_293' title='bbox 1290 2608 1452 2659; x_wconf 88' lang='lat' dir='ltr'><strong>paribus</strong></span> <span class='ocrx_word' id='word_1_294' title='bbox 1483 2607 1717 2660; x_wconf 86' lang='lat' dir='ltr'><strong>(minoribus</strong></span> <span class='ocrx_word' id='word_1_295' title='bbox 1760 2608 1830 2647; x_wconf 91' lang='lat' dir='ltr'><strong>sed</strong></span> <span class='ocrx_word' id='word_1_296' title='bbox 1869 2607 1969 2659; x_wconf 89' lang='lat' dir='ltr'><strong>ipsis</strong></span> 
     </span>
     <span class='ocr_line' id='line_1_34' title="bbox 248 2675 1975 2731; baseline 0.003 -19"><span class='ocrx_word' id='word_1_297' title='bbox 248 2685 404 2725; x_wconf 89' lang='lat' dir='ltr'><strong>quoque</strong></span> <span class='ocrx_word' id='word_1_298' title='bbox 443 2675 696 2726; x_wconf 85' lang='lat' dir='ltr'><strong>dochmiacis)</strong></span> <span class='ocrx_word' id='word_1_299' title='bbox 737 2677 901 2717; x_wconf 90' lang='lat' dir='ltr'><strong>duobus.</strong></span> <span class='ocrx_word' id='word_1_300' title='bbox 964 2691 1065 2729; x_wconf 88' lang='lat' dir='ltr'><strong>quae</strong></span> <span class='ocrx_word' id='word_1_301' title='bbox 1106 2679 1278 2718; x_wconf 85' lang='lat' dir='ltr'><strong>carmina</strong></span> <span class='ocrx_word' id='word_1_302' title='bbox 1314 2691 1405 2719; x_wconf 91' lang='lat' dir='ltr'><strong>cum</strong></span> <span class='ocrx_word' id='word_1_303' title='bbox 1435 2680 1477 2718; x_wconf 89' lang='lat' dir='ltr'><strong>in</strong></span> <span class='ocrx_word' id='word_1_304' title='bbox 1508 2679 1644 2719; x_wconf 85' lang='lat' dir='ltr'><strong>eodem</strong></span> <span class='ocrx_word' id='word_1_305' title='bbox 1675 2680 1856 2729; x_wconf 87' lang='lat' dir='ltr'><strong>legantur</strong></span> <span class='ocrx_word' id='word_1_306' title='bbox 1886 2679 1975 2731; x_wconf 27' lang='lat' dir='ltr'><strong>epi-¹,</strong></span> 
     </span>
    </p>
   </div>
   <div class='ocr_carea' id='block_1_5' title="bbox 249 2772 537 2781">
    <p class='ocr_par' dir='ltr' id='par_1_8' title="bbox 249 2772 537 2781">
     <span class='ocr_line' id='line_1_35' title="bbox 249 2772 537 2781; baseline 0 0"><span class='ocrx_word' id='word_1_307' title='bbox 249 2772 537 2781; x_wconf 95' lang='lat' dir='ltr'><strong> </strong></span> 
     </span>
    </p>
   </div>
   <div class='ocr_carea' id='block_1_6' title="bbox 246 2824 1967 2992">
    <p class='ocr_par' dir='ltr' id='par_1_9' title="bbox 246 2824 1967 2992">
     <span class='ocr_line' id='line_1_36' title="bbox 391 2824 1966 2878; baseline 0.005 -17"><span class='ocrx_word' id='word_1_308' title='bbox 391 2824 422 2871; x_wconf 83' lang='grc' dir='ltr'><strong>ι)</strong></span> <span class='ocrx_word' id='word_1_309' title='bbox 448 2825 542 2862; x_wconf 88' lang='lat' dir='ltr'><strong>hunc</strong></span> <span class='ocrx_word' id='word_1_310' title='bbox 567 2826 698 2864; x_wconf 81' lang='lat' dir='ltr'><strong>intrare</strong></span> <span class='ocrx_word' id='word_1_311' title='bbox 725 2827 966 2873; x_wconf 80' lang='lat' dir='ltr'><strong>labyrinthum</strong></span> <span class='ocrx_word' id='word_1_312' title='bbox 992 2830 1205 2876; x_wconf 83' lang='lat' dir='ltr'><strong>aggredique</strong></span> <span class='ocrx_word' id='word_1_313' title='bbox 1230 2832 1393 2876; x_wconf 86' lang='lat' dir='ltr'><strong>portenta</strong></span> <span class='ocrx_word' id='word_1_314' title='bbox 1418 2830 1476 2867; x_wconf 78' lang='lat' dir='ltr'><strong>illa</strong></span> <span class='ocrx_word' id='word_1_315' title='bbox 1503 2830 1570 2878; x_wconf 84' lang='grc' dir='ltr'><strong>ἰόφ</strong></span> <span class='ocrx_word' id='word_1_316' title='bbox 1590 2826 1641 2877; x_wconf 84' lang='grc' dir='ltr'><strong>ὀμ</strong></span> <span class='ocrx_word' id='word_1_317' title='bbox 1657 2830 1804 2875; x_wconf 81' lang='grc' dir='ltr'><strong><em>κάκκας</em></strong></span> <span class='ocrx_word' id='word_1_318' title='bbox 1824 2845 1868 2868; x_wconf 87' lang='grc' dir='ltr'><strong>νυ</strong></span> <span class='ocrx_word' id='word_1_319' title='bbox 1894 2841 1966 2866; x_wconf 88' lang='lat' dir='ltr'><strong>non</strong></span> 
     </span>
     <span class='ocr_line' id='line_1_37' title="bbox 247 2884 1967 2938; baseline 0.004 -18"><span class='ocrx_word' id='word_1_320' title='bbox 247 2884 369 2920; x_wconf 82' lang='lat' dir='ltr'><strong>audeo.</strong></span> <span class='ocrx_word' id='word_1_321' title='bbox 421 2886 459 2921; x_wconf 79' lang='lat' dir='ltr'><strong>at</strong></span> <span class='ocrx_word' id='word_1_322' title='bbox 489 2884 524 2920; x_wconf 91' lang='lat' dir='ltr'><strong>id</strong></span> <span class='ocrx_word' id='word_1_323' title='bbox 555 2886 745 2922; x_wconf 80' lang='lat' dir='ltr'><strong>admodum</strong></span> <span class='ocrx_word' id='word_1_324' title='bbox 777 2889 915 2924; x_wconf 88' lang='lat' dir='ltr'><strong>certum</strong></span> <span class='ocrx_word' id='word_1_325' title='bbox 947 2899 1026 2925; x_wconf 87' lang='lat' dir='ltr'><strong>esse</strong></span> <span class='ocrx_word' id='word_1_326' title='bbox 1057 2889 1201 2925; x_wconf 73' lang='lat' dir='ltr'><strong>videtur</strong></span> <span class='ocrx_word' id='word_1_327' title='bbox 1227 2900 1259 2925; x_wconf 86' lang='lat' dir='ltr'><strong>v.</strong></span> <span class='ocrx_word' id='word_1_328' title='bbox 1286 2890 1466 2927; x_wconf 82' lang='lat'>825—42</span> <span class='ocrx_word' id='word_1_329' title='bbox 1491 2890 1689 2938; x_wconf 80' lang='grc' dir='ltr'><em>προωιδόν</em></span> <span class='ocrx_word' id='word_1_330' title='bbox 1714 2901 1791 2927; x_wconf 87' lang='lat' dir='ltr'><strong>esse</strong></span> <span class='ocrx_word' id='word_1_331' title='bbox 1817 2891 1910 2928; x_wconf 86' lang='lat' dir='ltr'><strong>sicut</strong></span> <span class='ocrx_word' id='word_1_332' title='bbox 1934 2903 1967 2927; x_wconf 88' lang='lat' dir='ltr'><strong>v.</strong></span> 
     </span>
     <span class='ocr_line' id='line_1_38' title="bbox 246 2943 1393 2992; baseline 0.006 -13"><span class='ocrx_word' id='word_1_333' title='bbox 246 2944 345 2980; x_wconf 83' lang='lat' dir='ltr'><strong>Pers.</strong></span> <span class='ocrx_word' id='word_1_334' title='bbox 371 2943 442 2979; x_wconf 86' lang='lat'><strong>922</strong></span> <span class='ocrx_word' id='word_1_335' title='bbox 469 2956 502 2991; x_wconf 89' lang='lat' dir='ltr'><strong>q.</strong></span> <span class='ocrx_word' id='word_1_336' title='bbox 522 2955 563 2987; x_wconf 86' lang='lat' dir='ltr'><strong>s.‚</strong></span> <span class='ocrx_word' id='word_1_337' title='bbox 590 2946 854 2992; x_wconf 87' lang='lat' dir='ltr'><strong>responsionem</strong></span> <span class='ocrx_word' id='word_1_338' title='bbox 880 2949 962 2984; x_wconf 85' lang='lat' dir='ltr'><strong>ante</strong></span> <span class='ocrx_word' id='word_1_339' title='bbox 987 2959 1021 2984; x_wconf 84' lang='lat' dir='ltr'><strong>v.</strong></span> <span class='ocrx_word' id='word_1_340' title='bbox 1048 2948 1118 2984; x_wconf 89' lang='lat'><strong>843</strong></span> <span class='ocrx_word' id='word_1_341' title='bbox 1145 2960 1223 2986; x_wconf 89' lang='lat' dir='ltr'><strong>esse</strong></span> <span class='ocrx_word' id='word_1_342' title='bbox 1248 2949 1393 2986; x_wconf 83' lang='lat' dir='ltr'><strong>nullam.</strong></span> 
     </span>
    </p>
   </div>
  </div>
 </body>
</html>
