2210 3340
976 234 1265 276 „58-

769 352 827 401 ὡς
870 352 1076 400 ἐπινωμιὶι
1121 348 1264 400 στάσις
1309 347 1391 401 ἁμά
1435 354 1572 406 (forma
1614 347 1799 402 λέξωμεν
1841 353 1973 393 infini-

1331 425 1411 463 tivo
1442 424 1690 474 praecedenti
1720 423 1972 474 assimulata),

274 499 317 534 ut
347 495 491 534 chorici
524 495 734 534 sententias
765 499 1043 545 praemoneret.
1076 518 1130 523 —

416 578 460 605 eo
490 578 582 604 vero
613 566 727 604 modo
756 565 941 604 certiores
971 566 1057 604 fieri
1096 569 1334 616 spectatores
1365 578 1454 604 cum
1485 578 1603 617 saepe
1635 578 1711 605 non
1742 565 1838 605 satis
1867 567 1975 604 esset

273 640 420 689 poetae,
463 640 691 687 anapaestos
734 637 787 674 ita
829 637 1114 675 administravit
1159 640 1202 675 ut
1245 648 1437 675 summam
1481 637 1630 676 stasimi
1667 637 1729 676 vel
1760 637 1880 676 totius
1911 636 1973 675 vel

274 707 413 759 prioris
435 707 573 746 saltem
595 708 717 758 partis
748 707 917 746 breviter
947 707 1174 745 adstrictam
1203 707 1431 746 recitantem
1462 708 1608 747 faceret
1637 720 1771 746 unum.
1815 707 1871 746 ita
1899 707 1973 746 hoc

275 779 434 817 uberius
464 779 714 829 explicantur
744 790 844 829 quae
876 778 1018 816 leviter
1047 778 1176 827 tetigit
1207 778 1402 827 prologus.

416 853 506 888 stas.
539 850 647 888 Pers.
680 850 763 888 633
806 849 1054 899 stropharum
1092 849 1251 899 paribus
1292 849 1548 899 compositum
1589 851 1613 888 3
1630 846 1681 903 1s2
1716 851 1816 890 hanc
1855 863 1974 890 unam

274 921 356 960 fere
396 920 566 959 continet
606 920 857 959 sententiam:
902 920 1038 971 Daree,
1070 919 1191 958 evade
1227 932 1278 958 ex
1308 919 1463 958 inferis!
1526 923 1630 959 certe
1658 921 1701 959 id
1730 924 1774 960 ut
1803 924 1975 961 cantaret

275 991 424 1041 Regina
466 992 582 1030 choro
636 991 894 1041 imperaverat
943 989 1074 1040 (620).
1132 994 1172 1028 at
1213 990 1291 1028 iam
1341 994 1550 1041 antequam
1601 992 1731 1030 cuncti
1769 994 1975 1043 precentur

530 1062 837 1112 coryphaeus
1399 1061 1482 1100 illi
1511 1064 1695 1112 repetunt

277 1128 382 1173 ἀλλὰ
399 1129 568 1182 χθόνιοι
589 1133 781 1179 δαίμονες
800 1128 931 1181 ἁγνοί,
953 1132 1091 1182 inquit,
1165 1128 1203 1170 α’
1239 1128 1341 1171 ἀλλὰ
1382 1127 1432 1170 σύ
1464 1145 1535 1179 μοι
1566 1133 1634 1172 Γᾶ
1663 1146 1704 1172 τε
1735 1134 1803 1173 καὶ
1836 1129 1978 1173 ἄλλοι

277 1202 347 1253 Γῆ
375 1217 415 1242 τε
448 1204 516 1242 καὶ
541 1198 689 1253 Ἑρμῆ
717 1202 930 1250 βασιλεῦ
965 1199 1000 1241 τ’
1164 1205 1392 1252 χθονίων
1409 1198 1874 1252 ἁγεμόνες...πε’μπετ
1889 1198 1977 1244 ἅνω

907 1272 1094 1324 ἐνέρων
1165 1276 1192 1321 β
1217 1270 1465 1321 Ἀιδωνεὺς
1499 1270 1533 1312 δ’
1559 1270 1808 1323 ἀναπομπὸς
1840 1270 1978 1325 ἀνείης

278 1341 462 1394 πέμψατ’
485 1343 657 1396 ἔνερθεν
689 1340 834 1395 ψυχὴν
853 1344 894 1391 ἐς
920 1344 1012 1393 φώς
1761 1345 1975 1398 (Δαρεῖον).

419 1416 491 1465 Ag.
525 1416 606 1454 351
641 1427 718 1453 non
750 1415 845 1454 satis
877 1415 993 1454 habet
1023 1415 1266 1466 coryphaeus
1296 1415 1545 1466 pronuntiare
1576 1427 1668 1454 mox
1697 1428 1837 1456 canere
1867 1428 1978 1467 coep-

277 1490 411 1526 turum
441 1487 611 1535 chorum,
650 1498 786 1525 verum
816 1487 902 1537 ipse
933 1499 1004 1536 per
1034 1490 1264 1537 anapaestos
1295 1486 1378 1525 Iovi
1408 1487 1552 1536 gratias
1583 1487 1665 1536 agit
1695 1487 1798 1538 quod
1829 1487 1979 1526 exstin-

277 1558 337 1596 xit
367 1557 522 1596 Troiam
561 1557 668 1596 ultus
700 1558 977 1596 Alexandrum.
1039 1558 1135 1596 haec
1175 1557 1259 1608 ipsa
1299 1560 1431 1596 autem
1470 1557 1662 1596 sententia
1700 1557 1823 1597 multo
1854 1558 1980 1608 magis

278 1641 369 1668 saue
400 1629 594 1668 elaborata
625 1632 743 1680 atque
775 1633 960 1667 exornata
991 1629 1109 1679 priori
1141 1629 1292 1667 stasimi
1322 1629 1424 1679 parti
1458 1625 1609 1679 (α-α’)
1646 1629 1791 1668 inserta
1827 1633 1887 1668 est
1925 1629 1980 1668 ita

278 1703 323 1738 ut
352 1700 512 1739 comites
544 1700 656 1751 quasi
686 1700 944 1750 respondeant
976 1711 1018 1738 se
1048 1700 1228 1738 assentiri
1260 1700 1359 1738 duci.

541 1771 837 1821 coryphaeus
1128 1766 1133 1826 1
1447 1771 1704 1809 choreutae

282 1843 368 1880 Δία
398 1855 464 1881 τοι
497 1835 670 1891 ξένιον
700 1841 832 1891 μέγαν
866 1839 1064 1889 αἰδοῦμαι

281 1907 1121 1963 τὸντάδεπράξα·ντ’ἐπ’Ἀλεξάνδρωι..

1169 1855 1194 1880 α
1210 1841 1332 1892 princ.
1343 1837 1456 1889 Διὸς
1476 1836 1646 1891 πλαγὰν
1660 1839 1826 1890 ἔχουσιν
1841 1841 1979 1880 εἰπεῖν.

1169 1907 1207 1951 α’
1240 1912 1308 1950 fin.
1339 1916 1436 1963 part.
1468 1913 1581 1963 prior.
1616 1907 1771 1962 Πάρις
1801 1908 1940 1952 ἐλθών

1167 1982 1207 2030 ἐς
1239 1978 1372 2031 δόμον
1403 1979 1478 2022 τὸν
1506 1981 1706 2034 Ἀτρειδᾶν
1738 1977 1942 2034 ἤισχυνε

1167 2055 1335 2103 ξενίαν
1365 2050 1600 2104 τράπεζαν.
1619 2085 1627 2093 .
1645 2084 1655 2094 .

422 2124 535 2164 Eum.
580 2125 661 2163 321
696 2127 785 2176 post
825 2136 964 2163 versus
1006 2136 1103 2175 quos
1145 2125 1259 2163 attuli
1301 2125 1442 2175 quibus
1483 2124 1664 2176 princeps
1693 2124 1898 2164 Furiarum
1937 2136 1981 2164 se

282 2198 528 2234 enarraturas
559 2195 791 2246 promiserat
822 2190 873 2234 τὰ
899 2188 1004 2246 λάχη
1027 2191 1185 2243 μούσαι
1218 2195 1425 2247 στυγερᾶι,
1457 2196 1544 2246 ipsa
1574 2195 1623 2234 de
1653 2198 1758 2234 sorte
1787 2207 1858 2234 sua
1887 2207 1980 2234 non-

281 2267 389 2305 nulla
420 2267 635 2317 praefatur:
669 2263 935 2307 εὐθυδίκαιοι
967 2270 1069 2316 sunt,
1100 2267 1232 2306 favent
1262 2266 1388 2315 iustis,
1418 2266 1586 2305 iniustos
1615 2266 1823 2316 castigant:
1863 2269 1981 2317 atque

282 2338 378 2376 haec
402 2337 541 2376 ultima
571 2337 728 2388 quidem
761 2338 952 2377 sententia
983 2338 1042 2377 bis
1075 2332 1142 2388 (α’,
1168 2337 1207 2387 y)
1237 2338 1433 2388 profertur
1462 2337 1504 2376 in
1534 2337 1688 2376 chorico
1718 2337 1980 2388 subsequenti.

426 2408 782 2447 luculentissimum
826 2419 917 2448 vero
961 2409 1185 2459 exemplum
1225 2409 1432 2458 praebetur
1472 2419 1572 2447 vers.
1617 2408 1726 2447 Pers.
1764 2395 1854 2447 532'
1881 2420 1918 2459 q.
1949 2419 1980 2447 s.

283 2479 544 2529 coryphaeus:
586 2479 773 2530 Iuppiter,
814 2480 951 2531 inquit,
993 2480 1199 2518 Persarum
1246 2479 1462 2518 exercitum
1503 2478 1722 2529 perdidisti!
1763 2479 1980 2529 (32—34),

283 2550 491 2589 choreutae
523 2550 695 2600 strophis
729 2545 796 2589 αα’
828 2550 956 2589 fusius
986 2553 1108 2600 agunt
1146 2550 1196 2588 de
1233 2549 1393 2588 interitu
1432 2549 1628 2600 peditatus
1667 2550 1893 2601 classisque,
1933 2549 1982 2589 de

284 2620 440 2659 miseria
459 2620 619 2659 Xerxis.
669 2624 850 2672 pergunt,
880 2621 965 2660 ille:
997 2621 1258 2660 lamentantur
1288 2620 1454 2659 feminae
1485 2619 1584 2670 (535
1605 2632 1642 2671 q.
1661 2619 1721 2671 s.),
1752 2620 1811 2659 hi:
1843 2623 1883 2660 et
1911 2631 1983 2659 nos

283 2691 544 2730 lamentamur
575 2691 630 2743 (β)
673 2694 710 2730 et
750 2703 894 2737 uxores
933 2695 1195 2743 parentesque
1237 2687 1322 2742 (β’).
1383 2691 1515 2742 itaque
1554 2703 1789 2742 quamquam
1829 2691 1984 2740 singula

286 2774 363 2800 non
395 2765 616 2811 congruunt
645 2765 763 2813 atque
793 2762 909 2801 tertio
954 2763 1201 2813 stropharum
1244 2762 1328 2812 pari
1371 2762 1562 2801 sententia
1603 2762 1826 2811 adiungitur
1867 2761 1983 2812 plane

287 2845 398 2883 nova,
429 2836 560 2872 tamen
591 2833 753 2872 chorum
783 2833 968 2884 consequi
999 2833 1110 2872 ducis
1141 2833 1308 2882 vestigia
1339 2833 1587 2872 manifestum
1618 2836 1690 2872 est.

429 2907 578 2943 restant
609 2907 824 2953 systemata
856 2903 989 2955 Suppl.
1025 2905 1106 2944 625
1141 2903 1246 2954 Sept.
1280 2904 1376 2943 822.
1408 2903 1475 2942 illo
1506 2904 1588 2941 dux
1618 2915 1776 2954 prorsus
1806 2902 1984 2943 similiter
