2210 3340
959 234 1251 277 -60-

398 353 638 393 examussim
667 354 751 393 fere
782 353 928 393 chorici
959 354 1140 405 strophae
1170 354 1409 405 respondent
1438 354 1487 393 ad
1517 354 1719 395 histrionis
1749 354 1955 397 trimetros.

255 436 345 463 nam
370 424 475 475 quod
504 424 554 464 de
582 424 763 475 frugibus
792 424 871 464 iam
902 425 1061 476 stropha
1092 439 1118 464 α
1148 425 1287 476 agitur,
1317 429 1362 465 ut
1393 425 1512 465 Terra
1540 426 1682 465 fertilis
1712 426 1763 465 sit
1782 425 1958 467 Minerva

257 495 345 546 ipsa
376 506 531 546 quoque
560 496 688 546 primo
719 499 808 535 voto
839 498 1040 547 optaverat
1076 495 1203 546 (906).
1263 508 1402 536 verum
1443 497 1602 536 uberius
1643 500 1704 536 est
1732 497 1956 537 ehericum:

260 561 492 617 σπ’ρματος
524 567 739 618 σωτηρίαν
762 567 926 618 requirit
955 567 1038 617 dea,
1068 567 1160 607 illae
1189 570 1301 607 orant
1320 571 1367 606 ut
1399 570 1602 607 serventur
1620 567 1806 618 viventes,
1837 566 1958 619 stirps

256 649 306 676 ne
335 649 524 688 umquam
553 637 672 688 desit;
706 637 747 676 in
777 637 938 688 prologo
968 641 1128 688 rogatur
1157 633 1319 690 καρπὸς
1345 639 1477 688 γαίας,
1511 637 1749 678 Eumenides
1769 638 1958 689 largiores

257 711 348 747 sunt
377 711 424 747 ut
454 720 553 759 quae
582 709 717 759 fruges
747 720 862 759 poma
891 711 1052 759 argenta
1076 712 1211 760 optent
1229 709 1405 749 Athenis.
1439 731 1493 738 —
1523 712 1641 760 atque
1669 709 1772 749 hanc
1801 711 1957 750 senten-

255 779 398 818 tiarum
429 782 666 819 structuram
696 783 778 818 tam
806 779 969 830 politam
1008 782 1166 831 tamque
1205 780 1454 819 artificiosam
1483 792 1560 819 non
1590 783 1741 831 poterat
1769 780 1956 832 perficere

259 853 374 901 poeta
402 850 480 889 nisi
510 862 588 889 uno
619 850 779 901 quidem
809 850 955 900 dialogi
983 850 1069 890 loco
1099 850 1213 889 filum
1245 850 1528 890 sententiarum
1558 850 1769 902 diruperat.

397 920 474 960 alia
502 921 653 960 ratione
683 933 759 960 non
789 921 921 960 minus
951 924 1083 960 autem
1114 922 1269 960 curiose
1299 921 1466 972 prolusit
1497 921 1792 972 epirrhematico
1822 921 1954 973 priori.

256 991 433 1031 Minerva
463 991 512 1031 de
542 991 670 1030 Furiis
699 991 1040 1042 praenuntiaverat
1065 989 1187 1045 (477)

609 1058 665 1112 μὴ
699 1062 901 1111 τνχοῦσαι
932 1057 1178 1113 πράγματος
1208 1058 1444 1113 νικηφόρου

608 1130 741 1184 χώραι
771 1134 974 1181 μεταῦθις
1007 1129 1082 1181 ἰὸς
1114 1132 1156 1172 ἐκ
1189 1127 1475 1184 φρονημάτων

612 1200 756 1243 πέδοι
788 1200 956 1244 πεσών
987 1199 1205 1255 ἄφερτος
1236 1200 1416 1254 αἰανὴς
1447 1199 1608 1251 νόσος.

260 1274 400 1326 Apollo
430 1275 678 1326 increpuerat
708 1274 825 1327 (729)

614 1339 664 1385 σῦ
697 1359 762 1385 τοι
794 1342 884 1395 τάχ’
916 1342 967 1398 (l)
1001 1342 1080 1385 οὐκ
1111 1344 1266 1395 ἔχουσα
1297 1349 1373 1396 τῆς
1408 1345 1524 1396 δίκης
1554 1342 1677 1393 τέλος

613 1415 723 1467 ἐμῆι
755 1413 842 1456 τὸν
875 1413 953 1456 ἰὸν
984 1413 1135 1456 οὐδὲν
1166 1416 1432 1467 ἐχθροῖσιν
1462 1411 1635 1467 βαρύν.

259 1489 403 1528 chorus
432 1488 687 1539 responderat

617 1557 704 1598 ἐπεὶ
734 1555 1058 1610 καθιππάζηι
1088 1572 1143 1606 με
1175 1556 1456 1609 πρεσβῦτιν
1487 1554 1615 1605 νέος.

259 1643 336 1670 non
366 1630 468 1670 male
499 1630 698 1669 vaticinati
728 1632 822 1668 sunt
851 1630 948 1669 deus
980 1634 1020 1669 et
1050 1629 1133 1669 dea.
1193 1630 1262 1668 vix
1292 1629 1467 1668 Minerva
1507 1627 1685 1668 Orestem
1722 1628 1960 1668 renuntiavit

259 1702 458 1751 victorem,
490 1713 580 1740 cum
611 1701 748 1740 Furiae
777 1701 877 1751 ipsis
907 1701 986 1739 illis
1016 1700 1147 1740 verbis
1178 1699 1293 1751 (778)

616 1768 665 1811 ἰώ
699 1774 808 1811 θεοὶ
840 1768 1095 1822 νεώτεροι,
1126 1772 1319 1824 inquiunt,
1352 1767 1602 1819 παλαιοὺς
1633 1767 1792 1819 νόμους

612 1837 1012 1882 καθιππάσασθε
1033 1873 1042 1882 .
1060 1874 1068 1882 .
1086 1873 1095 1882 .

615 1910 698 1963 ἐγώ
733 1910 767 1951 δ’
796 1908 943 1961 ἄτιμος
965 1945 973 1952 .
991 1944 999 1952 .
1019 1944 1027 1952 .

616 1983 666 2023 ὲν
698 1983 778 2034 γᾶι
809 1984 961 2036 τᾶιὸε,
995 1988 1085 2033 φεῦ,

617 2051 696 2094 ἰὸν
729 2053 806 2094 ἰὸν
838 2052 1117 2106 ἀντιπενθῆ
1149 2058 1352 2102 μεθεῖσα
1382 2055 1593 2106 καρδίας

618 2122 856 2176 σταλαγμὸν
885 2127 1013 2175 χθονὶ
1047 2120 1072 2165 ἄ
1081 2139 1109 2174 φ
1120 2139 1144 2165 ο
1152 2140 1176 2176 ρ
1186 2139 1210 2164 o
1219 2140 1252 2164 ν.

263 2198 320 2236 sic
349 2200 465 2248 poeta
495 2197 559 2236 cui
590 2197 668 2236 iam
697 2197 847 2248 pridem
885 2197 1107 2247 gravissimi
1146 2197 1264 2235 huius
1302 2196 1588 2247 epirrhematici
1623 2197 1786 2238 formam
1823 2195 1959 2234 obver-

263 2272 386 2308 satam
436 2279 522 2307 esse
554 2272 858 2307 consentaneum
908 2271 980 2317 est,
1022 2268 1266 2306 audientium
1307 2258 1456 2306 animos
1498 2266 1610 2317 quasi
1658 2269 1974 2317 praeparaturus.

261 2342 535 2389 argumentum
568 2339 603 2377 ei
633 2339 709 2389 ipsi
739 2339 949 2389 praemisit.

404 2422 541 2448 verum
572 2410 621 2448 de
652 2410 819 2448 stasim
829 2419 958 2448 orum
987 2409 1207 2460 anapaestis
1233 2409 1328 2448 satis
1348 2409 1518 2459 egimus3
1549 2420 1663 2459 porro
1681 2407 1955 2459 inquirendum

263 2493 455 2532 quaenam
484 2481 586 2519 inter
615 2480 781 2530 paredi
811 2481 1018 2530 prologum
1048 2479 1338 2530 anapaesticum
1355 2483 1471 2530 atque
1492 2479 1692 2518 eboricum
1715 2479 1961 2530 subsequens

262 2551 480 2590 intercedat
509 2552 619 2590 ratio.
680 2551 721 2590 id
753 2551 857 2590 enim
889 2563 982 2590 sane
1002 2551 1059 2589 eis
1078 2563 1283 2590 commune
1303 2554 1364 2590 est
1383 2562 1474 2589 cum
1493 2549 1573 2589 illis
1594 2550 1698 2601 quod
1716 2550 1766 2589 ad
1783 2550 1959 2600 ipsorum

265 2634 419 2673 quoque
449 2622 664 2661 sententias
694 2622 935 2673 respondent
965 2634 1081 2672 saepe
1124 2621 1339 2661 sententiae
1370 2621 1571 2672 carminis3
1616 2620 1734 2660 etiam
1768 2620 1810 2658 id
1852 2619 1958 2671 quod

264 2693 436 2732 carmine
467 2693 699 2743 explicatius
728 2696 943 2732 tractantur
974 2693 1139 2732 subinde
1178 2705 1279 2743 quae
1320 2692 1380 2731 illi
1421 2692 1591 2731 breviter
1631 2691 1957 2742 perstrinxerunt.

264 2807 298 2831 u.
324 2797 442 2832 Athen
468 2796 516 2841 ΙΙ,
541 2797 621 2832 341.
648 2816 693 2822 -—
718 2795 754 2830 id
779 2796 839 2841 qui
863 2795 1080 2831 intellexerit
1104 2806 1196 2831 vers.
1220 2795 1386 2831 858-66
1410 2795 1490 2841 post
1517 2793 1586 2830 912
1612 2805 1680 2840 quo
1705 2793 1850 2840 relegati
1872 2793 1958 2830 sunt
1993 2803 1996 2805 ·

264 2865 285 2890 a
309 2855 437 2890 Weilio
474 2855 677 2900 neutiquam
702 2855 789 2890 ferri
814 2865 916 2900 posse
953 2855 1094 2891 videbit.
1132 2855 1168 2890 at
1202 2853 1276 2890 illic
1310 2864 1398 2889 num
1434 2864 1496 2890 suo
1533 2852 1610 2889 loco
1646 2854 1752 2899 stent,
1786 2855 1878 2889 hanc
1902 2851 1957 2886 in-

264 2915 392 2950 tactam
418 2913 645 2959 relinquimus
670 2914 923 2959 quaestionem.
