2210 3340
0 1664 21 1996 31,¹!-.···1.·÷.1NYW·’”⁴{÷⁸22{555
0 1625 19 1640 ἵ
11 1583 17 1596 ·.
0 1366 14 1535 ””Ἶ“-Ἀ’“”“·”’«ἶ”’““·,
0 1285 18 1334 ,¹V’!
3 1247 15 1261 ,Γ
0 1172 16 1230 μ’·ῖ.
4 1132 7 1133 ’
0 1086 17 1115 “ς
10 1059 15 1064 ,
0 986 16 1022 «Ὺ
0 967 3 974 “
0 887 15 949 ’δῖ-Τ

987 237 1281 280 ..67—

280 360 454 412 religiosi
470 358 516 413 1).
575 360 697 410 igitur
714 359 901 411 prologus
921 358 1192 409 anapaesticus
1214 358 1370 408 utrique
1399 370 1423 396 a
1453 363 1566 407 poeta
1587 357 1827 408 praemissus
1845 357 1993 396 formae

281 431 340 471 illi
370 431 544 472 tribuere
574 431 667 471 licet
696 429 914 478 vetustiori,
947 429 1111 468 carmini
1142 429 1296 468 Baccho
1338 440 1447 468 sacro
1488 428 1591 479 quod
1631 428 1845 467 recitabant
1874 428 1993 467 Athe-

282 489 439 544 nienses
469 502 533 543 die
563 502 706 542 festivo
735 501 777 540 in
808 501 1046 540 orchestram
1071 500 1240 550 ingressi
1262 510 1362 551 quae
1379 499 1524 539 Bacchi
1541 499 1663 538 cultui
1686 502 1768 539 erat
1788 499 1992 539 destinata.

282 578 401 627 atque
431 585 521 614 esse
549 575 778 623 argumenta
810 572 953 623 quibus
984 571 1064 611 tale
1094 571 1335 623 prooemium
1367 571 1604 610 carminibus
1636 571 1678 609 in
1708 571 1872 610 deorum
1903 583 1993 611 can-

281 646 376 687 tatis
404 646 593 685 honorem
621 643 884 684 antecessisse
916 643 1137 683 ostenditur
1171 655 1249 682 non
1280 642 1431 693 fugisse
1460 643 1573 682 video
1603 642 1709 681 viros
1740 642 1884 681 doctos.
1915 642 1994 682 iam

284 716 479 758 ctu-istius
511 715 643 769 (Metr.
677 714 778 764 261)
812 727 863 753 ex
896 714 1171 765 Aristophanis
1201 714 1333 753 attulit
1353 714 1566 753 comoediis
1585 716 1815 764 anapaestos
1837 713 1993 753 Thesm.

283 775 340 828 39
371 800 408 839 q.
427 799 459 828 s.
491 787 634 838 quibus
665 786 884 837 Agathonis
916 798 1054 826 servus
1083 786 1230 836 linguis
1259 786 1390 825 favere
1420 785 1530 825 iubet
1559 785 1651 836 quia
1681 784 1833 824 thiasus
1864 785 1995 825 Musa-

281 871 372 899 rum
414 858 521 898 domi
552 858 769 909 Agathonis
811 858 978 897 adesset.
1023 869 1093 897 nos
1124 869 1217 897 vero
1259 843 1334 896 alia
1369 857 1525 896 allaturi
1557 868 1694 896 sumus
1734 856 1916 907 exempla
1953 856 1995 895 id

282 930 410 971 solum
441 933 665 982 spectantes
695 934 741 969 ut
770 933 894 968 artem
924 929 1114 979 Aeschyli
1144 930 1185 968 in
1216 929 1378 968 clariore
1409 940 1601 979 ponamus
1632 928 1730 967 luce.

424 1005 645 1052 mystarum
677 1001 848 1052 paredus
879 1001 974 1040 Ran.
1009 1001 1094 1040 354
1127 1001 1186 1040 sic
1215 1000 1390 1051 procedit
1431 1004 1476 1039 ut
1514 1011 1592 1039 uno
1633 998 1881 1050 stropharum
1911 999 1996 1050 pari

281 1086 306 1114 a
335 1074 453 1113 choro
484 1076 598 1113 extra
628 1084 809 1112 scaenam
839 1072 1003 1111 recitato
1033 1072 1280 1123 coryphaeus
1311 1072 1451 1111 habeat
1481 1071 1689 1122 prologum
1706 1070 1995 1121 anapaesticum

284 1157 363 1196 quo
393 1148 502 1184 arcet
531 1144 740 1196 profanum
769 1143 919 1194 volgus.
952 1147 1037 1182 tum

575 1240 650 1267 cor.
684 1225 807 1281 (370)
1395 1226 1527 1278 pergit
1557 1238 1632 1266 cor.
1666 1227 1781 1276 (382)

285 1311 316 1352 Ι.
349 1307 492 1360 ὑμεῖς
525 1308 560 1351 δ’
595 1308 820 1362 ἀνεγείρετε
851 1306 1023 1362 μολπὴν
1177 1311 1227 1349 II.
1261 1304 1347 1359 ἄγε
1379 1324 1472 1349 νυν
1503 1307 1653 1361 ἑτέραν
1685 1304 1834 1358 ὕμνων
1876 1306 1994 1349 ἰὸέαν

354 1413 363 1423 .
383 1414 392 1423 .
410 1381 551 1434 ,vicos
583 1378 837 1434 πρέπουσαν
867 1381 1018 1433 ἓορτῆι.
1263 1373 1343 1432 τὴν
1374 1377 1659 1433 καρποφόρον
1690 1383 1907 1429 βασίλειαν

353 1458 532 1494 cantatur
562 1466 719 1494 carmen
750 1455 789 1492 in
813 1454 1100 1505 Proserpinam.
1262 1450 1529 1505 Δήμητρα...
1560 1452 1773 1492 κελαδεῖτε.

1261 1537 1417 1564 carmen
1448 1525 1489 1563 in
1522 1524 1716 1564 Cererem.

998 1610 1077 1637 cor.
1112 1598 1229 1647 (394)

570 1668 643 1722 111.
679 1665 785 1709 ἀλλ’
819 1666 881 1708 εἶα
912 1672 1006 1708 νῦν
1036 1670 1107 1708 καὶ
1140 1665 1216 1708 τὸν
1252 1665 1415 1720 ὡραῖον
1446 1664 1550 1708 θεὸν
1583 1667 1676 1718 (31.)

784 1744 1061 1791 παρακαλεῖτε
1095 1741 1219 1791 δεῦρο
1252 1741 1334 1793 (ith.
1353 1757 1409 1772 =
1431 1737 1512 1793 21.)

685 1809 853 1852 ὤιὸαῖσι
884 1811 963 1852 τὸν
994 1812 1265 1864 ξυνέμπορον
1295 1813 1335 1862 (2
1348 1812 1389 1863 i.)

683 1884 810 1935 τῆσδε
840 1888 917 1935 τῆς
946 1886 1113 1935 χορείας
1144 1884 1394 1935 (ith.=2i.)

783 1968 940 1995 carmen
971 1957 1012 1994 in
1045 1956 1255 1995 Bacchum.

428 2023 721 2091 simplicissima
740 2043 859 2091 atque
881 2051 1017 2079 severa
1031 2043 1114 2079 arte
1129 2040 1339 2091 unicuique
1355 2039 1509 2079 chorico
1523 2038 1720 2091 praeludit
1734 2038 1997 2089 coryphaeus:

284 2115 347 2152 ter
376 2112 526 2163 profert
561 2111 678 2151 deum
715 2111 977 2151 invocandum
1013 2115 1131 2163 atque
1167 2111 1483 2164 praedicandum,
1515 2115 1575 2151 ter
1604 2110 1815 2162 respondet
1845 2110 1999 2149 chorus.

283 2196 356 2236 pro
398 2182 620 2234 anapaestis
663 2183 778 2223 tertio
822 2183 905 2223 loco
947 2184 1067 2223 iambi
1109 2184 1263 2235 prologi
1306 2196 1470 2223 munere
1510 2184 1729 2234 funguntur
1771 2194 1870 2234 quos
1908 2181 2001 2232 quia

284 2255 399 2305 lyrici
430 2258 524 2294 sunt
554 2266 642 2294 cum
674 2255 813 2294 iambis
844 2255 1062 2306 tragoediae
1092 2256 1267 2295 conferre
1298 2268 1374 2295 non
1405 2256 1508 2295 licet.
1569 2258 1610 2294 at
1641 2254 1791 2294 eisdem
1822 2253 2000 2292 formulis

284 2326 410 2366 utitur
440 2326 613 2366 comicus
643 2327 786 2378 quibus
817 2327 989 2377 tragicus
1019 2331 1150 2379 poeta:
1184 2331 1254 2366 aut
1283 2327 1513 2378 particulam
1539 2326 1811 2378 imperativam
1834 2325 1875 2363 in
1894 2325 2001 2376 prin-

275 2398 387 2450 cipio
428 2398 539 2450 ponit
579 2398 770 2449 prooemii
813 2399 938 2450 (form.
969 2398 1006 2451 Ι)
1050 2402 1120 2439 aut
1161 2399 1324 2438 chorum
1367 2399 1480 2439 alteri
1511 2410 1700 2450 personae
1731 2397 1810 2449 (hic
1840 2397 2001 2448 quidem

286 2469 446 2521 populo)
485 2470 646 2521 opponit
684 2467 814 2524 (form.
846 2470 916 2522 ΙΙ).
957 2470 1145 2511 differunt
1183 2474 1315 2511 autem
1354 2471 1394 2510 hi
1425 2471 1576 2522 prologi
1606 2482 1653 2510 eo
1683 2482 1707 2510 a
1737 2469 2000 2517 stasimorum,

286 2545 332 2579 ut
370 2545 521 2581 taceam
561 2541 612 2581 de
650 2542 897 2596 parodorum,
937 2543 1043 2594 quod
1075 2543 1138 2582 -nil
1169 2543 1368 2583 continent
1398 2543 1474 2582 nisi
1504 2555 1628 2582 unum
1657 2541 1758 2581 illud
1789 2540 2004 2591 coryphaei

285 2615 547 2664 praeceptum.

430 2688 582 2724 constat
618 2685 691 2724 hac
741 2689 958 2735 mystarum
1003 2686 1149 2737 parodo
1186 2685 1375 2725 imitando
1410 2686 1655 2737 expressisse
1699 2684 2002 2735 Aristophanem

287 2767 469 2808 pompam
507 2756 616 2796 illam
648 2756 877 2796 sollemnem
907 2757 970 2796 die
1001 2757 1294 2797 undevicesimo
1332 2757 1480 2797 mensis
1511 2756 1806 2796 Boedromionis
1838 2755 2002 2794 Athenis

286 2826 471 2868 Eleusina
510 2828 737 2879 profectam.
787 2829 862 2868 hoc
896 2828 938 2867 in
976 2828 1116 2868 itinere
1168 2832 1320 2879 mystas
1360 2830 1529 2879 hymnos
1566 2831 1744 2868 cantasse
1787 2830 1828 2868 et
1857 2838 1928 2878 per
1959 2837 2002 2866 se

431 2955 460 3000 ¹)
486 2965 555 3001 quo
579 2956 730 2992 tendant
754 2966 845 3002 quae
870 2955 995 3002 scripsi
1022 2956 1131 2993 lector
1149 2957 1274 3003 sentit;
1299 2960 1507 3003 argumenta
1525 2957 1640 2993 affere
1660 2956 1717 2992 hic
1735 2956 1831 2993 locus
1847 2966 1919 2992 non
1936 2957 2002 2992 est.
