2210 3340
994 236 1283 278 -18-

432 349 671 404 ,,στροφή“,
703 354 910 404 scripserat
941 355 1144 405 Christius‚
1184 354 1389 404 „bedeutet
1419 356 1526 405 kehr,
1561 350 1816 408 ἀντιστροφή
1847 369 1988 408 gegen-

292 422 423 462 kehr“.
474 427 514 462 at
543 427 677 462 contra
703 424 872 464 Graecos
900 425 1079 464 habuisse
1106 425 1222 465 etiam
1258 438 1392 465 vocem
1426 423 1707 478 ἀντίστροφον
1737 431 1887 467 eertum
1916 431 1988 471 est.

292 495 363 532 hae
395 495 542 533 formae
572 495 762 545 quomodo
794 500 885 534 sunt
916 496 1198 547 explicandae?

432 565 583 615 primus
620 566 746 616 quoad
785 566 898 606 video
933 567 1165 618 antistrophi
1198 568 1356 606 verbum
1388 572 1550 619 usurpat
1595 572 1637 608 ut
1667 573 1839 619 systema
1869 569 1989 620 signi-

290 635 384 674 ficet
414 648 596 674 versuum
629 637 874 676 Aristoteles:

432 706 545 745 Rhet.
578 707 648 754 ΙΙΙ,
683 708 719 746 9.
781 703 860 758 τὴν
890 704 1005 757 λε’ξιν
1044 704 1204 758 ἀνάγκη
1238 706 1344 747 εἶναι
1376 704 1400 759 ἢ
1434 707 1652 761 εἰρομένην
1682 711 1752 750 καὶ
1784 709 1860 750 τῶι
1893 720 1988 750 συν-

294 773 448 824 δέσμωι
478 775 578 824 μίαν
610 771 751 828 ὥσπερ
784 778 825 817 αἱ
857 777 902 817 ἐν
934 785 1020 826 τοῖς
1053 773 1326 829 διθυράμβοις
1350 776 1554 827 ἀναβολαὶ
1576 777 1599 831 ἢ
1623 777 1987 832 κατεστραμμένην

291 850 357 887 καὶ
389 845 540 895 ὁμοίαν
571 855 662 895 ταῖς
694 852 780 888 τῶν
813 846 998 899 ἀρχαίων
1030 850 1222 899 ποιητῶν
1255 845 1563 901 ἀντιστρόφοις.

431 919 480 957 ib.
524 915 692 970 (140912
736 919 824 970 25):
864 919 1030 970 ἔσκωψε
1069 916 1327 971 Δημόκριτος
1367 916 1390 959 ὁ
1431 924 1533 968 Χῖος
1577 920 1632 970 εἷς
1670 923 1988 975 Μελανιππίδην

291 984 527 1040 ποιήσαντα
560 987 654 1029 ἀντὶ
686 991 772 1029 τῶν
805 987 1101 1041 ἀντιστρόφων
1135 986 1362 1039 ἀναβολάς.

430 1061 557 1100 Probl.
589 1061 697 1110 XIX,
734 1063 803 1100 15:
837 1061 877 1099 οἱ
910 1056 1168 1112 διθύραμβοι
1194 1058 1333 1101 οὐκέτι
1355 1061 1495 1111 ἔχουσι
1519 1058 1826 1114 ἀντιστρόφους
1847 1057 1986 1115 ἐπειδὴ

289 1133 501 1183 μιμητικοὶ
533 1128 741 1181 ἐγένοντο,
775 1128 981 1183 πρότερον
1012 1133 1054 1171 δὲ
1085 1130 1209 1182 εἶχον.
1636 1152 1639 1154 -

431 1203 482 1242 ib.
547 1215 555 1241 :
619 1203 658 1242 οἱ
690 1197 813 1250 νόμοι
845 1200 922 1243 οὐκ
956 1203 998 1242 ἐν
1030 1198 1326 1254 ἀντιστρόφοις
1357 1202 1593 1244 ἐποιοῦντο.

431 1274 481 1312 ib.
544 1286 553 1312 ε
617 1269 641 1324 ἡ
657 1269 934 1325 ἀντίστροφος
946 1270 1123 1323 ἁπλοῦν,
1135 1270 1318 1325 ἀριθμὸς
1329 1272 1408 1325 γάρ
1422 1274 1507 1313 ἐστι
1521 1276 1590 1314 καὶ
1605 1274 1681 1315 τῶι
1695 1275 1756 1315 ἑνὶ
1771 1283 1984 1328 μετρεῖται.

288 1345 481 1383 adiectiva
511 1345 636 1383 forma
665 1344 810 1394 legitur

430 1416 557 1454 Probl.
601 1415 727 1464 XXX,
773 1417 847 1454 15:
897 1412 947 1454 τὰ
995 1412 1078 1454 ἀπὸ
1124 1416 1280 1466 σκηνῆς
1323 1412 1403 1455 οὐκ
1437 1412 1706 1468 ἀντίστροφα,
1754 1414 1804 1456 τὰ
1835 1417 1879 1457 δὲ
1908 1417 1991 1457 τοῦ

287 1489 423 1537 χοροῦ
458 1483 726 1537 ἀντίστροφα.

430 1557 493 1596 his
524 1557 716 1607 exemplis
747 1556 963 1596 ostenditur
992 1557 1067 1595 alia
1098 1557 1245 1596 ratione
1269 1557 1516 1596 Aristotelem
1549 1558 1605 1596 uti
1636 1570 1728 1597 voce
1757 1558 1989 1610 antistrophi

288 1628 364 1667 alia
393 1640 481 1678 nos3
520 1641 596 1666 non
628 1628 731 1667 enim
761 1628 1015 1678 antistrophis
1045 1631 1201 1667 cantum
1233 1629 1488 1679 compositum
1519 1641 1608 1668 esse
1637 1629 1767 1669 dicere
1803 1630 1986 1681 solemus,

290 1699 359 1738 sed
403 1699 594 1749 strophis;
637 1699 943 1748 dithyrambicos
979 1701 1113 1748 poetas
1145 1711 1221 1737 non
1252 1711 1322 1750 pro
1362 1700 1615 1750 antistrophis
1657 1700 1839 1740 anabolas
1879 1700 1988 1752 pepi·

288 1770 406 1820 gisse,
438 1770 507 1808 sed
549 1782 620 1820 pro
651 1769 832 1820 strophis.
894 1781 965 1808 nos
1004 1769 1125 1819 igitur
1165 1770 1345 1820 strophae
1388 1782 1483 1810 voce
1525 1774 1675 1821 partem
1719 1770 1986 1821 significamus

289 1841 469 1879 carminis
501 1841 563 1879 cui
604 1841 838 1891 respondeat
866 1840 997 1889 altera,
1041 1840 1241 1879 Aristoteli
1271 1844 1314 1879 ut
1344 1841 1419 1879 hoc
1455 1841 1692 1890 significaret
1721 1841 1987 1897 usurpandum

289 1915 373 1950 erat
405 1924 479 1950 non
525 1913 686 1950 verbum
719 1911 912 1961 strophae,
958 1911 1026 1950 sed
1068 1901 1319 1961 antistrophi:
1363 1911 1495 1962 itaque
1537 1912 1634 1950 illud
1677 1915 1760 1950 tum
1802 1912 1986 1963 temporis

288 1983 460 2021 nondum
492 1983 656 2021 habebat
699 1995 814 2032 quam
845 1994 948 2020 nunc
978 1982 1095 2021 habet
1132 1982 1455 2032 significationem
1485 1982 1673 2022 latiorem.
1705 2005 1759 2011 —

429 2054 628 2092 effecimus
658 2053 786 2092 adhuc
815 2053 928 2092 haec:

506 2126 540 2163 1.
575 2121 733 2175 στροφή
767 2127 828 2162 est
856 2125 976 2174 locus,
1008 2136 1084 2174 quo
1114 2121 1283 2162 flectitur
1313 2127 1461 2173 cantus,

503 2197 539 2234 2.
570 2199 697 2234 aetate
727 2195 959 2234 Aristotelea
989 2206 1145 2233 carmen
1183 2194 1376 2244 strophice
1407 2194 1663 2245 compositum
1695 2186 1821 2243 ἀισμα
1851 2197 1911 2232 est
1940 2192 1986 2233 ἐν

574 2262 878 2317 ἀντιστρόφοις,
942 2262 1218 2316 ἀντίστροφος
1261 2277 1351 2316 pars
1399 2269 1460 2304 est
1508 2265 1689 2304 carminis
1728 2265 1778 2304 ad
1824 2264 1984 2304 alteram

570 2337 821 2387 respondens.
846 2387 850 2391 ἱ
1430 2324 1433 2330 ⁵

429 2410 470 2445 at
501 2408 692 2458 quomodo
723 2420 746 2446 a
777 2407 935 2457 stropha
965 2408 1032 2445 illa
1063 2407 1241 2446 venimus
1271 2407 1321 2445 ad
1351 2403 1665 2456 antistrophum‘?
1685 2428 1742 2434 —
1763 2406 1859 2444 haec
1889 2406 1982 2444 dum

289 2478 414 2528 cogito
446 2478 640 2528 nimisque
669 2478 885 2517 artificiosa
915 2479 1138 2516 coniectura
1181 2489 1277 2516 usus
1316 2490 1340 2516 a
1382 2477 1445 2515 via
1485 2489 1576 2515 vera
1600 2476 1844 2515 'deflexurus
1884 2488 1984 2529 sum,

288 2550 530 2588 aberrantem
550 2549 745 2587 revocavit
766 2549 971 2587 Dielesius.
1022 2549 1064 2586 in
1093 2548 1298 2599 propatulo
1329 2548 1432 2586 enim
1464 2551 1524 2586 est
1544 2546 1713 2586 Graecos
1742 2558 1814 2597 pro
1845 2550 1982 2586 cantus

288 2632 451 2658 versura
491 2631 739 2658 numerorum
777 2620 1059 2670 modorumque
1097 2622 1279 2668 systema,
1317 2631 1393 2669 quo
1427 2621 1580 2656 cantato
1615 2617 1985 2656 animadverteretur

289 2703 453 2729 versura
482 2690 561 2740 illa,
592 2702 752 2729 vocasse
786 2686 986 2742 στροφήν,
1027 2690 1154 2728 omnia
1196 2694 1324 2728 autem
1367 2692 1580 2738 systemata
1620 2692 1758 2727 cantus
1799 2687 1984 2738 strophici

291 2756 609 2813 ἀντιστρόφους,
655 2762 836 2811 quoniam
890 2757 1172 2811 ἀντίστροφον
1214 2760 1255 2798 id
1300 2763 1360 2798 est
1401 2760 1505 2810 quod
1549 2757 1740 2810 στροᾳῆι,
1784 2758 1984 2797 modorum

290 2844 461 2884 versura,
492 2832 700 2882 opponitur
731 2832 935 2881 systemati
966 2831 1091 2883 alteri,
1131 2831 1264 2869 eadem
1297 2832 1376 2869 fere
1406 2830 1446 2868 vi
1476 2834 1593 2880 atque
1625 2826 1984 2881 ἀντεστραμμὲνον

289 2903 352 2951 (cf.
375 2903 532 2941 Aristot.
553 2903 686 2941 histor.
709 2915 769 2941 an.
789 2904 826 2952 2,
850 2903 870 2941 1
895 2900 1036 2951 ἔχουσι
1063 2898 1112 2940 τὰ
1143 2904 1262 2940 κοῖλα
1295 2899 1369 2951 τῆς
1400 2902 1658 2951 περιφερείας
1688 2897 1795 2951 πρὸς
1820 2895 1983 2950 ἄλληλα
