2210 3340
688 655 1019 725 Conspectus
1057 657 1211 709 totius
1251 657 1640 709 dissertationis,

314 800 593 850 Prolegomena
641 801 690 839 de
742 801 900 840 vocibus
953 795 1156 850 στάσιμον
1207 797 1367 852 στροφή
1418 797 1698 852 ἀντίστροφος

456 867 636 919 ἐπωιὸός
695 901 1695 911 ...............
1764 883 1802 922 p.
1864 871 2008 911 5—20

314 953 375 992 De
404 954 529 999 forma
559 953 709 993 stasimi
770 984 1696 994 ..............
1773 975 1790 982 -
1835 954 2009 993 21-—69

527 1036 549 1075 Ι
579 1036 628 1075 de
658 1036 830 1075 stasimis
860 1048 936 1075 non
968 1036 1163 1088 strophice
1192 1036 1416 1087 compositis
1474 1067 1482 1074 .
1545 1068 1554 1077 .
1617 1067 1624 1075 .
1686 1067 1694 1074 .
1770 1058 1786 1065 -
1836 1036 2008 1075 21—25

527 1119 570 1158 II
599 1119 648 1158 de
678 1119 851 1158 stasimis
882 1119 1088 1170 strophicis
1125 1148 1700 1160 .........
1776 1140 1791 1147 -
1838 1117 2011 1157 25—69

673 1203 695 1240 1
729 1201 779 1241 de
809 1202 1052 1252 stropharum
1085 1213 1245 1240 numero
1275 1203 1393 1252 atque
1421 1199 1677 1251 amplitudine
1690 1230 1699 1239 .
1775 1222 1792 1229 -
1838 1200 2010 1240 26—48

672 1285 696 1322 2
730 1284 778 1323 de
807 1284 1028 1335 anapaestis
1054 1284 1189 1333 lyricis
1214 1283 1450 1323 carminibus
1472 1283 1701 1334 antepositis

811 1355 875 1394 vel
905 1354 1062 1394 insertis
1122 1384 1696 1394 .........
1773 1375 1789 1382 -
1837 1353 2011 1393 48-69

461 1613 602 1664 Magna
631 1613 824 1663 molimur,
862 1626 983 1665 parva
1014 1614 1261 1664 perfecimus.
1302 1614 1402 1652 hanc
1433 1613 1535 1652 enim
1566 1624 1682 1664 quam
1712 1612 1842 1663 legitis
1873 1612 2014 1653 disser-

317 1684 476 1724 tationis
517 1687 665 1735 partem
706 1697 775 1735 pro
815 1684 1003 1735 prooemio
1033 1684 1157 1723 multo
1188 1684 1344 1723 maioris
1381 1684 1560 1723 volumus
1590 1683 1724 1722 haberi
1753 1683 1881 1734 operis
1911 1682 2014 1734 quod

319 1755 368 1795 de
410 1755 558 1806 origine
607 1759 835 1806 argumento
880 1755 1156 1806 compositione
1199 1755 1348 1794 stasimi
1391 1754 1531 1794 Graeci
1571 1754 1827 1805 conscripturi
1879 1765 2015 1793 sumus

318 1829 475 1866 auctore
496 1826 540 1866 U.
560 1826 611 1865 de
630 1826 1188 1865 Wilamowitz-Moellendorff.
1220 1826 1364 1865 etenim
1395 1818 1587 1876 siquidem
1617 1825 1667 1864 de
1690 1825 1851 1875 prologo
1869 1824 2014 1876 paredo

321 1897 524 1948 soliloquio
567 1897 719 1947 dialogo
761 1899 917 1936 exstare
959 1897 1140 1935 videntur
1182 1896 1466 1947 disputationes
1509 1896 1603 1935 satis
1644 1895 1816 1947 idoneae,
1859 1895 2014 1934 tandem

320 1972 477 2019 tempus
508 1979 596 2007 esse
626 1968 806 2007 ducimus
835 1967 1057 2018 inquirendi
1081 1968 1123 2006 in
1153 1968 1258 2006 chori
1289 1967 1460 2006 earmina
1490 1979 1541 2006 ex
1571 1966 1712 2017 quibus
1743 1970 1833 2005 nata
1851 1971 1912 2005 est
1931 1965 2016 2016 ipsa

319 2039 387 2078 illa
416 2039 607 2089 tragoedia
637 2038 794 2078 Graeca.

462 2168 503 2207 in
533 2168 814 2207 dissertationis
844 2180 937 2207 vero
968 2171 1078 2218 parte
1107 2169 1230 2207 altera
1260 2180 1374 2218 quam
1406 2167 1456 2206 de
1477 2167 1721 2217 stropharum
1741 2165 2014 2216 compositione

322 2239 551 2290 scripsimus
582 2251 682 2290 quae
711 2239 875 2291 inerant,
907 2239 970 2278 hic
1000 2239 1136 2289 paucis
1166 2238 1396 2277 adumbrare
1426 2238 1614 2276 iubemur.
1645 2236 1797 2286 egimus

468 2358 508 2407 1)
538 2357 587 2395 de
612 2357 860 2407 stropharum
890 2357 1160 2396 coniunctione
1180 2355 1441 2406 grammatica.
1464 2378 1518 2384 —
1542 2354 1752 2393 sententias
1770 2353 2016 2403 stropharum

322 2428 509 2468 terminos
539 2428 706 2467 transire
736 2420 906 2478 strophis
930 2439 1019 2465 cum
1049 2426 1344 2477 insequentibus
1363 2426 1614 2476 grammatica
1633 2424 1782 2463 ratione
1799 2423 2015 2462 coniunctis

323 2499 544 2548 Aeschylus
563 2510 703 2549 passus
722 2501 781 2537 est
802 2497 1014 2548 lyricorum
1033 2501 1155 2536 artem
1173 2496 1345 2535 imitatus
1364 2496 1598 2547 (disputatur
1614 2494 1792 2546 inprimis
1810 2494 1859 2533 de
1874 2493 2014 2545 Suppl.

325 2571 407 2610 581
447 2570 552 2608 Pers.
588 2571 668 2608 116
708 2569 814 2619 Sept.
855 2570 937 2608 851
979 2570 1050 2618 Ag.
1092 2569 1186 2606 175.
1229 2567 1346 2618 237);
1390 2579 1466 2617 qua
1504 2566 1650 2605 ratione
1693 2565 1872 2616 strophas
1915 2564 2013 2604 anti-

325 2642 580 2692 strophosque
623 2643 825 2679 conectere
868 2639 1079 2690 Sophocles
1122 2642 1161 2677 et
1199 2637 1408 2688 Euripides
1450 2648 1662 2687 numquam
1705 2635 1778 2674 sibi
1819 2634 2016 2674 indulsere

326 2712 566 2764 (disputatur
595 2711 644 2751 de
674 2711 830 2762 Hippol.
865 2711 947 2750 129
990 2710 1107 2748 Rhes.
1139 2708 1253 2760 350),
1289 2708 1496 2759 Euripides
1533 2707 1728 2746 interdum
1757 2705 2016 2756 antistrophos

325 2783 544 2834 epodosque
580 2782 689 2833 (Hec.
723 2783 818 2821 646.
852 2782 936 2820 942
981 2780 1039 2819 El.
1070 2778 1184 2823 476).
1222 2782 1359 2830 poetae
1399 2781 1492 2817 natu
1529 2778 1694 2816 maiores
1729 2776 1892 2816 eandem
1928 2787 2016 2818 ver-

325 2854 460 2893 borum
492 2853 818 2892 constructionem
860 2863 930 2902 per
970 2851 1106 2901 plures
1149 2850 1278 2889 valere
1321 2849 1499 2899 strophas
1541 2847 1646 2887 haud
1684 2859 1772 2886 raro
1801 2846 2016 2893 voluerunt,

325 2925 452 2963 minor
481 2924 657 2973 singulas
686 2934 756 2973 per
787 2934 830 2961 se
861 2925 964 2961 stare
994 2921 1141 2960 maluit.
1258 2919 1261 2923 ’
