2254 3380
829 839 1342 931 Prolegomena.

367 1008 687 1060 Disputationum
719 1007 882 1047 exordia
911 1007 1138 1058 philosophi
1168 1007 1261 1046 inde
1294 1008 1382 1046 fere
1414 1006 1575 1058 capiunt
1610 1009 1655 1045 ut
1697 1006 1792 1058 quid
1824 1007 1876 1046 sit
1906 1011 1946 1046 et

225 1081 342 1133 quale
371 1081 423 1120 de
452 1092 531 1132 quo
561 1080 688 1119 acturi
719 1079 800 1118 sint
831 1079 1030 1119 elaborate
1060 1079 1261 1130 planeque
1295 1079 1555 1118 constituant:
1594 1078 1803 1130 philologis
1846 1090 1946 1130 quos

222 1152 548 1204 philosophorum
579 1151 733 1202 ingredi
765 1151 880 1191 decet
910 1151 1104 1201 vestigiis,
1154 1151 1350 1202 siquidem
1388 1151 1575 1190 historiae
1614 1162 1745 1189 rerum
1786 1162 1945 1202 operam

229 1225 336 1275 dant,
369 1236 447 1264 non
466 1224 594 1264 solum
613 1223 891 1275 exponendum
914 1223 1009 1274 quid
1031 1223 1109 1274 ipsi
1128 1226 1235 1262 certo
1254 1223 1409 1262 cuidam
1432 1223 1550 1262 verbo
1569 1222 1789 1262 subiectum
1810 1222 1944 1275 velint,

226 1308 366 1337 verum
396 1295 515 1336 etiam
548 1307 650 1348 quae
681 1295 912 1346 principalis
949 1295 1219 1346 naturalisque
1258 1294 1379 1334 fuerit
1414 1294 1532 1334 huius
1571 1294 1681 1333 verbi
1712 1294 1945 1344 significatio

225 1371 450 1420 temporum
481 1367 653 1407 decursu
686 1367 833 1406 variata
874 1379 993 1418 saepe
1031 1379 1078 1406 ae
1109 1369 1342 1417 permutata.
1403 1366 1538 1417 itaque
1578 1364 1693 1406 nobis
1733 1370 1944 1418 antequam

224 1440 276 1480 de
306 1439 597 1490 tragoediarum
637 1438 874 1478 Graecarum
914 1438 1082 1478 chor-icis
1121 1439 1376 1477 instituamus
1418 1438 1701 1490 quaestionem,
1739 1451 1862 1490 pauca
1898 1438 1943 1478 'in

223 1512 355 1552 animo
374 1515 438 1552 est
457 1511 635 1563 proferre
654 1511 705 1550 de
722 1511 854 1550 verbis
876 1506 1091 1560 στάσιμον,
1122 1506 1300 1562 στροφή,
1322 1505 1520 1559 ἑπωιὸὁς,
1543 1522 1644 1561 quae
1663 1511 1783 1550 verba
1804 1523 1944 1562 parum

223 1586 331 1624 recte
361 1583 544 1623 videntur
582 1583 785 1634 explanari
822 1595 845 1621 a
882 1582 1165 1621 recentioribus
1202 1594 1342 1632 parum
1380 1588 1486 1621 recte
1524 1582 1732 1633 explanata
1762 1595 1786 1621 a
1816 1595 1944 1633 gram-

224 1655 381 1695 maticis
412 1654 585 1694 Graecis.

367 1731 488 1779 atque
519 1726 568 1766 de
599 1726 799 1766 stasimo
830 1725 1067 1765 Aristoteles
1097 1728 1235 1765 auctor
1265 1729 1384 1777 atque
1415 1737 1558 1776 parens
1579 1725 1782 1766 doctrinae
1813 1739 1943 1777 gram-

223 1799 390 1839 maticae
432 1797 604 1839 Graecae
655 1798 830 1837 definitis
882 1797 1056 1849 prologo,
1101 1797 1287 1849 episodio,
1331 1797 1458 1836 exodo
1503 1798 1562 1848 (A.
1594 1810 1631 1849 p.
1664 1810 1696 1837 c.
1734 1799 1785 1837 12
1831 1797 1943 1839 ἔστιν

224 1867 442 1924 πρόλογος
473 1871 548 1919 μὲν
579 1870 709 1921 μέρος
741 1863 846 1909 ὅλον
876 1869 1137 1920 τραγωιὸίας
1174 1865 1224 1908 τὸ
1257 1864 1342 1920 πρὸ
1371 1868 1511 1920 χοροῦ
1540 1863 1748 1920 παρόδου,
1782 1867 1943 1910 ἐπεισό-

225 1943 321 1983 διον
354 1943 396 1982 δὲ
427 1942 557 1994 μέρος
589 1936 698 1982 ὅλον
724 1941 981 1993 τραγωιὸίας
1013 1938 1062 1980 τὸ
1082 1937 1242 1991 μεταξὺ
1267 1935 1384 1980 ὅλων
1401 1941 1588 1993 χορικῶν
1608 1943 1760 1991 μελῶν,
1795 1941 1944 1992 ἔξοδος

226 2015 269 2056 ὁὲ
299 2012 430 2066 μέρος
463 2009 564 2054 ὅλον
596 2014 853 2066 τραγωιὸίας
883 2010 977 2061 μεθ’
1013 2007 1037 2052 ὃ
1069 2010 1150 2052 οὐκ
1181 2011 1267 2052 ἔστι
1297 2013 1438 2064 χοροῦ
1465 2013 1605 2063 μέλος)
1637 2014 1796 2065 scripsit
1825 2015 1942 2054 haec:

222 2087 405 2139 χορικοῦ
436 2086 478 2126 δὲ
513 2082 745 2138 πάροδος
775 2086 852 2134 μὲν
885 2081 909 2136 ἡ
945 2078 1094 2136 πρώτη
1129 2084 1240 2134 λέξις
1273 2078 1351 2135 ὅλη
1388 2084 1582 2136 (Westph.
1614 2085 1767 2136 Proleg.
1804 2099 1841 2138 p.
1876 2088 1931 2126 59

225 2153 346 2209 ὅλου)
377 2158 527 2211 χοροῦ,
564 2153 813 2206 στάσιμον
844 2158 888 2196 δὲ
919 2156 1044 2205 μέλος
1074 2155 1216 2208 χοροῦ
1243 2152 1293 2196 τὸ
1326 2152 1427 2196 ἄνευ
1456 2153 1721 2197 ἀναπαίστου
1752 2160 1821 2198 καὶ
1850 2172 1943 2210 τρο-

222 2232 362 2284 χαίου,
394 2230 604 2270 subiuncta
634 2229 704 2269 illa
734 2229 876 2268 commi
908 2228 1154 2267 definitione:
1188 2222 1350 2276 κόμμος
1375 2227 1418 2268 δὲ
1450 2226 1614 2280 θρῆνος
1634 2225 1779 2278 κοινὸς
1804 2234 1940 2282 χοροῦ

223 2303 294 2343 καὶ
323 2299 433 2358 (τῶν
463 2298 611 2356 Ritter)
652 2297 738 2341 ἀπὸ
772 2299 942 2352 σκηνῆς.
979 2323 1031 2328 ——
1066 2300 1163 2339 haec
1194 2301 1314 2339 verba
1344 2299 1578 2340 difficillima
1615 2313 1710 2341 sane
1740 2302 1790 2341 ad
1821 2302 1940 2342 inter-

223 2374 459 2426 pretandum
491 2373 668 2413 infinitas
698 2378 821 2424 prope
851 2377 971 2424 atque
1002 2372 1309 2411 innumerabiles
1347 2384 1505 2412 movere
1544 2372 1850 2424 disputationes:
1894 2374 1943 2414 de

225 2446 387 2486 stasimo
418 2446 519 2486 duae
549 2458 655 2484 nunc
686 2445 824 2495 vigent
855 2444 1083 2484 sententiae.

366 2517 399 2557 Ι.
461 2517 756 2568 Myriantheum
789 2518 907 2556 verba
946 2511 1047 2557 ἄνευ
1089 2512 1356 2556 ἀναπαίστου
1400 2517 1471 2555 καὶ
1509 2519 1713 2568 τροχαίου
1758 2517 1943 2557 adiuncta

226 2601 313 2629 esse
342 2589 604 2629 affirmantem
637 2587 693 2642 (p.
717 2589 800 2629 116
817 2589 846 2639 5)
878 2589 1009 2628 verbis
1039 2588 1166 2637 μέλος
1189 2588 1329 2640 χοροῦ
1358 2593 1402 2627 ut
1433 2593 1707 2640 separarentur
1737 2602 1759 2628 a
1791 2569 1942 2628 melicis

225 2659 407 2700 versibus
436 2661 547 2700 chori
577 2661 816 2713 anapaestici
847 2661 1089 2700 trochaicive
1120 2660 1343 2713 coryphaei,
1376 2660 1519 2712 quibus
1539 2661 1739 2700 histrionis
1764 2661 1943 2700 denotari

225 2732 326 2772 solet
354 2731 550 2773 adventus
581 2733 645 2773 vel
681 2733 821 2782 abitus,
857 2733 1061 2783 redarguit
1090 2732 1358 2772 Detscheffius
1398 2729 1454 2786 (p.
1489 2732 1572 2783 26),
1613 2744 1702 2771 cum
1747 2733 1943 2783 quaesivit

224 2810 386 2843 curnam
420 2804 501 2842 sola
532 2804 573 2843 in
605 2804 758 2844 stasimi
789 2805 1017 2844 definitione
1057 2805 1132 2843 hoc
1170 2803 1365 2843 addiderit
1396 2804 1630 2843 Aristoteles
1670 2804 1809 2844 iisdem
1850 2818 1941 2844 ana-

223 2876 373 2927 paestis
404 2876 509 2914 haud
539 2888 626 2916 raro
659 2877 989 2928 subsequentibus
1020 2875 1223 2926 paredum.
1285 2875 1436 2914 accedit
1468 2875 1572 2926 quod
1592 2876 1795 2915 Aristoteli
1820 2877 1854 2915 si
1880 2889 1941 2916 se·

223 2959 387 2998 gregare
418 2947 607 2987 voluisset
637 2948 850 2999 coryphaei
887 2950 1121 2998 anapaestos
1152 2959 1175 2985 a
1206 2947 1355 2986 cantico
1387 2947 1507 2994 chori,
1549 2947 1761 2987 dicendum
1800 2949 1942 2988 fuisset
