2190 3334
977 208 1241 250 -9—

250 331 406 373 chorica
435 331 644 370 trochaicis
675 329 914 369 tetrametris
947 328 1148 367 instructa.
1198 332 1373 367 ceterum
1406 340 1456 366 ne
1479 328 1778 378 Aristophanem
1810 327 1971 379 quidem

251 403 415 445 chorum
454 406 580 442 totum
620 405 868 440 tetrametros
911 400 1140 438 recitantem
1179 399 1368 438 inducere
1410 400 1579 438 veritum
1623 411 1713 438 esse
1750 412 1800 439 ex
1840 399 1971 438 verbis

251 475 429 526 seqnitur
460 472 630 523 Trygaei
660 472 759 522 (Pax
792 472 888 511 309.
922 469 1028 524 318)
1060 471 1222 510 chorum
1254 470 1310 509 ita
1340 471 1612 521 compellantis

539 541 590 584 οὐ
627 540 964 595 σιωπήσεσθε;

251 615 292 657 et
535 614 714 666 ἐξολεῖτέ
751 609 975 666 μ’ὦνδρες,
1014 615 1052 654 εἰ
1085 610 1141 665 μὴ
1182 617 1256 665 τῆς
1294 614 1402 664 βοῆς
1442 609 1631 665 ἀνήσετε,

251 689 385 740 itaque
421 688 488 739 qui
525 687 764 727 antecedunt
794 687 1011 725 tetrametri
1050 698 1126 724 non
1165 685 1288 724 solius
1329 685 1541 736 coryphaei
1586 685 1656 724 sed
1697 685 1971 724 choreutarum

250 761 418 801 fuerant.

393 835 434 870 at
463 831 506 871 hi
536 830 738 882 anapaesti
777 834 817 869 et
846 829 1021 869 trochaei
1061 840 1232 880 quonam
1263 829 1378 868 modo
1409 828 1561 868 recitati
1594 828 1673 867 sint
1703 841 1727 867 a
1757 829 1874 867 choro
1907 829 1972 868 vel

250 903 408 944 omnino
439 915 518 955 quo
547 902 774 942 distulerint
803 915 827 941 a
857 901 1034 941 numeris
1060 901 1210 951 lyricis,
1241 913 1332 940 cum
1358 901 1592 952 nesciamus,
1624 900 1720 951 quid
1742 900 1973 940 Aristoteles

249 975 431 1025 voluerit,
462 986 568 1014 nunc
598 978 693 1026 puto
724 985 961 1024 comparere.

394 1047 550 1086 numeri
594 1045 832 1097 anapaestioi
878 1045 1095 1084 recitant-ur
1141 1057 1230 1083 cum
1273 1047 1431 1083 ‘terram
1471 1044 1633 1095 pulsant
1669 1039 1849 1095 pedibus'
1883 1043 1973 1082 cho-

249 1121 397 1169 reutae,
436 1117 624 1158 trochaici
662 1117 878 1157 ‘celerrime
916 1114 1157 1156 decurrunt’.
1219 1116 1310 1155 illos
1351 1115 1495 1155 milites
1535 1119 1716 1155 cantasse
1748 1115 1895 1154 scimus
1931 1115 1974 1154 in

249 1191 404 1230 hostem
453 1202 543 1229 cum
586 1189 782 1229 faciebant
822 1189 1015 1240 impetum
1060 1188 1125 1241 (of.
1169 1187 1261 1227 Wil.
1305 1187 1541 1238 Textgesch.
1586 1188 1623 1226 d.
1668 1187 1762 1237 Lyr.
1806 1200 1844 1238 p.
1891 1187 1973 1236 67),

250 1262 324 1302 hos
369 1261 762 1314 κορδακικωτέρους
812 1264 923 1300 vocat
959 1260 1194 1300 Aristoteles
1239 1260 1367 1310 (Rhet.
1400 1259 1472 1310 III,
1506 1261 1530 1298 8
1582 1260 1631 1298 cf.
1682 1261 1729 1300 A.
1782 1272 1818 1310 p.
1851 1271 1884 1298 c.
1916 1259 1973 1307 4),

250 1333 422 1386 aptiores
452 1333 607 1373 cordaoi
637 1339 757 1384 quem'
787 1332 1010 1372 comoediae
1041 1332 1185 1371 chorus
1216 1331 1395 1380 saltabat,
1426 1343 1517 1370 cum
1543 1330 1791 1379 ἐμμέλεια
1822 1334 1974 1381 tragoe-

251 1405 340 1446 diae
374 1405 533 1457 propria
569 1408 694 1455 esset,
737 1404 860 1455 igitur
905 1399 1174 1452 στάσιμον
1210 1403 1336 1452 μέλος
1379 1415 1467 1442 esse
1511 1401 1610 1442 dicit
1646 1404 1818 1442 ‘carmen
1855 1406 1974 1442 stata-

250 1474 430 1530 rium'1),
467 1476 689 1528 tranquillis
744 1477 922 1516 numeris
978 1476 1184 1527 modisque
1230 1476 1485 1527 instructum,
1541 1475 1600 1514 sic
1648 1486 1883 1526 progressus
1932 1474 1974 1512 in

251 1548 489 1589 definiendis
519 1548 741 1600 tragoediae
772 1549 949 1600 partibus
981 1551 1026 1587 ut
1056 1549 1098 1586 in
1130 1547 1359 1587 definitione
1390 1547 1527 1598 parodi
1558 1559 1635 1598 quo
1665 1547 1751 1586 loco
1788 1547 1976 1586 collocata

251 1623 358 1667 esset
391 1633 416 1661 a
451 1625 566 1672 poeta
607 1617 817 1673 (πάροδος
837 1613 1027 1672 ’πρώτη
1067 1619 1180 1670 λέξις
1214 1617 1382 1672 χοροῦ),
1414 1619 1454 1658 in
1487 1618 1715 1658 definitione
1747 1618 1898 1658 stasimi
1935 1621 1976 1657 et

250 1692 394 1732 commi
425 1686 605 1746 (κόμμος
636 1710 693 1726 =
726 1691 922 1745 θρῆνος),
956 1691 1142 1743 quoniam
1173 1691 1224 1730 de
1256 1691 1399 1731 commi
1424 1691 1466 1729 in
1485 1690 1686 1741 tragoedia
1705 1690 1791 1729 loco
1817 1690 1974 1729 omnino

250 1764 360 1814 nihil,
397 1763 448 1804 de
478 1764 630 1804 stasimi
666 1764 764 1803 nihil
801 1768 907 1804 certe
943 1764 1034 1803 novi
1064 1767 1218 1815 poterat
1247 1764 1425 1815 proferre
1455 1763 1632 1814 episodio
1662 1763 1744 1802 iam
1773 1762 1885 1813 prius
1916 1762 1974 1801 sio

251 1835 430 1876 definito:
468 1830 703 1876 ἐπεισόδιον
733 1835 860 1887 μέρος
900 1829 1002 1875 ὅλον
1043 1835 1298 1887 τραγωιὸίας
1336 1831 1385 1875 τὸ
1425 1831 1584 1885 μεταξὺ
1625 1828 1742 1874 ὅλων
1784 1831 1974 1886 χορικῶν

250 1906 403 1958 μελῶν,
445 1907 672 1959 primariam
712 1920 829 1959 quam
869 1908 1023 1959 putavit
1062 1908 1173 1947 verbi
1210 1907 1541 1958 significationem
1570 1907 1795 1958 respiceret.
1858 1910 1975 1957 atque

250 1991 390 2031 reapse
419 1980 496 2019 hoc
537 1979 706 2019 infuisse
747 1980 789 2019 in
827 1992 921 2020 voce
966 1974 1173 2028 στάσιμον
1215 1992 1267 2019 ex
1305 1979 1500 2019 sententia
1531 1978 1757 2018 Aristotelis
1788 1978 1851 2017 his
1884 1990 1974 2017 con-

249 2051 432 2093 firmatur
461 2051 578 2092 locis:
1039 2078 1041 2080 -

394 2123 511 2165 Polit.
549 2127 583 2164 Θ
616 2125 729 2163 1340
750 2119 768 2147 b
802 2123 826 2163 9
860 2123 900 2163 οἱ
931 2123 1007 2171 μὲν
1038 2122 1146 2176 (τῶν
1178 2121 1379 2176 ῥυθμῶν)
1413 2115 1523 2174 ἦθος
1554 2121 1697 2172 ἔχουσι
1730 2116 1976 2169 στασιμώ-

250 2207 416 2248 τερον,
449 2195 490 2235 οὶ
524 2194 566 2234 δὲ
597 2191 865 2246 κινητικὸν
896 2196 966 2235 καὶ
996 2191 1169 2235 τούτων
1201 2195 1242 2234 οἱ
1274 2195 1349 2243 μὲν
1381 2195 1699 2246 φορτικωτέρας
1724 2192 1866 2244 ἔχουσι
1899 2189 1974 2241 τὰς

181 2299 184 2304 .
250 2261 435 2318 κινήσεις
471 2266 513 2307 οἱ
552 2267 596 2306 δὲ
627 2266 993 2319 ἐλευθεριωτέρας.
1016 2290 1072 2295 -
1092 2269 1137 2306 A.
1157 2280 1195 2318 p.
1219 2268 1332 2307 1459
1354 2263 1371 2290 b
1404 2268 1460 2306 34
1494 2262 1544 2306 τὸ
1578 2262 1765 2318 ἡρωικὸν
1806 2277 1975 2305 στασι-

250 2333 490 2387 μώτατον
520 2341 609 2378 τῶν
632 2339 800 2391 μέτρων
825 2337 949 2388 ἐστίν,
981 2334 1033 2378 τὸ
1067 2339 1110 2379 ὁὲ
1143 2339 1331 2387 ἰαμβεῖον
1361 2340 1432 2378 καὶ
1463 2335 1804 2390 τετράμετρον
1835 2350 1974 2387 κινη-

252 2405 367 2450 τικὰ
395 2411 466 2450 καὶ
498 2406 548 2450 τὸ
578 2411 656 2459 μὲν
687 2407 996 2462 ὀρχηστικὸν
1029 2407 1078 2450 τὸ
1109 2411 1152 2450 δὲ
1183 2405 1429 2462 πρακτικόν.
1466 2434 1521 2439 —-—
1555 2410 1637 2450 Pol.
1672 2413 1704 2450 Θ
1734 2410 1846 2449 1342
1868 2405 1885 2432 ¹)
1921 2410 1972 2448 13

254 2478 279 2533 ἦ
303 2481 476 2534 δωριστὶ
501 2478 722 2535 (ἁρμονία)
757 2477 1132 2533 στασιμωτάτη.
1174 2487 1293 2534 atque
1320 2495 1343 2522 e
1368 2495 1411 2522 re
1436 2483 1510 2522 erit
1535 2482 1745 2532 Byzantini
1768 2480 1974 2520 cuiusdam

251 2552 474 2594 adscribere
496 2555 614 2594 verba
633 2554 811 2606 (Cramer
829 2554 977 2594 Anecd.
1003 2553 1129 2594 Oxon.
1151 2556 1176 2594 3
1200 2567 1238 2606 p.
1262 2556 1358 2605 167,
1382 2554 1455 2605 23)
1498 2553 1760 2605 praedicantis
1783 2552 1975 2604 epistulae

252 2693 464 2729 tetrameter
489 2694 558 2730 155
591 2694 720 2730 anders
754 2696 987 2740 vorgetragen
1020 2694 1165 2730 worden
1199 2697 1319 2736 waren
1356 2693 1408 2730 als
1433 2693 1490 2730 die
1517 2693 1597 2730 173.
1647 2694 1684 2729 at
1708 2703 1786 2728 cur
1810 2691 1878 2727 hoo
1903 2701 1975 2727 non

252 2752 365 2798 possit
400 2752 554 2799 cogitari,
591 2764 655 2799 ego
690 2764 763 2790 non
800 2754 913 2790 video.
973 2753 1126 2799 Choeph.
1166 2755 1235 2790 719
1273 2754 1427 2800 primum
1465 2753 1699 2799 coryphaeus,
1737 2754 1814 2787 tum
1851 2762 1976 2788 omnes

253 2812 404 2848 recitant
428 2813 647 2858 anapaestos.
697 2813 790 2859 quod
815 2813 852 2848 in
876 2813 1077 2860 anapaestis
1101 2814 1159 2858 fit,
1185 2813 1223 2849 in
1247 2813 1424 2850 trochaeis
1450 2813 1531 2849 fieri
1557 2824 1622 2848 our
1646 2811 1844 2858 negemus?

396 2870 426 2917 ¹)
463 2881 591 2907 verum
625 2873 843 2918 praesagisse
878 2873 1020 2909 videtur
1054 2873 1228 2910 Chi-istius
1262 2872 1658 2919 (Literaturgeschiohte
1672 2874 1686 2891 ⁴
1717 2883 1751 2917 p.
1786 2871 1858 2908 210
1866 2870 1904 2916 ⁶),
1939 2873 1975 2907 at

252 2922 344 2967 falso
369 2931 514 2968 stasimo
539 2931 705 2977 opposuit
728 2932 970 2978 hyporchema
994 2933 1055 2978 (of.
1082 2945 1114 2979 p.
1142 2934 1212 2979 11).
