2210 3340
939 225 1234 265 -61-

219 345 271 382 -at
299 354 497 394 nusquam
527 343 742 395 coryphaei
773 343 970 395 reperitur
1004 342 1224 382 adhortatio
1256 356 1333 394 qua
1362 344 1554 383 transitus
1591 345 1680 384 fieri
1712 346 1861 385 solebat
1897 345 1947 385 ad

229 413 343 454 chori
373 417 545 454 cantum.
607 414 728 454 immo
758 414 950 454 transitus
981 414 1140 453 omnino
1171 426 1251 454 non
1282 418 1356 467 est,
1393 415 1620 455 absolutum
1657 419 1720 456 est
1750 417 1948 457 canticum

229 480 443 538 utrumque
471 486 596 526 altero
626 486 740 537 quasi
771 485 951 536 opposito
980 485 1105 524 alteri.
1167 498 1246 537 quo
1289 498 1381 525 cum
1422 487 1582 526 accedat
1625 488 1727 538 quod
1772 489 1812 526 hi
1854 501 1947 528 ana-

226 557 354 609 paesti
404 556 529 596 multo
572 557 739 597 maiores
782 568 945 596 numero
989 569 1109 608 quam
1152 557 1406 596 stasimorum
1447 570 1525 597 non
1568 559 1807 609 prooemium
1859 572 1948 600 esse

227 628 414 668 videntur
443 627 515 668 sed
545 640 704 668 carmen
747 641 873 667 unum
911 641 958 668 ac
1001 631 1140 681 totum,
1182 632 1381 669 structura
1424 630 1617 681 quaedam
1660 634 1860 682 comparet
1903 630 1948 671 ἐκ

226 695 501 752 παραλλήλου
531 699 587 739 ita
617 703 662 739 ut
693 700 896 740 choricum
925 700 1061 751 ipsum
1092 700 1127 739 si
1158 701 1376 740 sententias
1416 701 1577 753 quidem
1612 703 1779 753 respicis
1811 715 1947 755 super-

225 782 441 811 vacaneum
471 783 561 811 esse
591 771 783 811 videatur.

366 845 408 882 at
437 842 670 894 excipienda
699 843 871 894 paredus
903 843 1011 895 Sept.
1033 843 1061 882 f.
1093 843 1206 882 cuius
1237 856 1329 895 pars
1359 845 1467 895 prior
1498 845 1710 895 singularis
1741 845 1804 885 vel
1822 847 1948 886 forma

222 913 476 965 numerisque
506 915 602 966 quin
644 915 759 954 alteri
802 915 1008 954 subiuncta
1051 915 1113 965 sit,
1158 915 1329 954 dubitari
1371 919 1552 967 nequeat.
1623 917 1797 967 virgines
1840 918 1945 957 enim

222 985 488 1037 precationem
518 998 636 1038 quam
667 986 882 1026 instituunt
911 987 992 1037 illa,
1034 987 1199 1037 exigunt
1235 987 1311 1026 hac
1343 988 1406 1037 (cf.
1438 1001 1475 1039 p.
1509 988 1592 1041 51),
1632 991 1763 1028 tamen
1793 992 1947 1029 tantum

222 1059 336 1098 abest
365 1061 410 1098 ut
441 1059 651 1110 quicquam
681 1058 995 1098 desideraremus
1027 1059 1062 1098 si
1092 1058 1215 1098 altera
1246 1071 1340 1109 pars
1370 1071 1449 1098 non
1480 1060 1721 1108 recitaretur,
1762 1061 1947 1112 quoniam

223 1142 324 1182 quae
362 1130 403 1169 in
445 1131 520 1170 hac
543 1130 680 1170 insunt
708 1142 848 1181 preces
887 1131 966 1170 iam
998 1130 1249 1170 continentur
1287 1131 1460 1171 carmine
1490 1131 1676 1182 astropho
1709 1130 1795 1185 (86.
1831 1132 1948 1185 106),

223 1206 269 1241 ut
297 1202 361 1242 vel
393 1201 550 1252 singula
578 1214 742 1254 prorsus
773 1202 917 1242 similia
946 1202 1171 1242 exhibeant.
1211 1202 1252 1240 in
1284 1205 1451 1254 utraque
1482 1204 1682 1255 equitatus
1713 1203 1948 1243 describitur

223 1274 414 1325 strepitus
447 1272 639 1325 (79—85
673 1290 730 1308 ω
766 1275 996 1323 122-24),
1027 1274 1068 1312 in
1100 1277 1266 1325 utraque
1295 1274 1365 1314 illa
1398 1275 1542 1325 legitur
1574 1275 1792 1315 sententiae
1822 1276 1946 1315 forma

223 1357 302 1397 qua
331 1345 493 1385 deorum
525 1345 640 1385 deive
664 1346 1020 1397 comprehendatur
1043 1346 1237 1385 invocatio
1262 1346 1375 1397 quasi
1400 1347 1569 1387 excitata
1589 1347 1764 1387 tumultu
1788 1360 1946 1399 pugnae

223 1417 351 1456 subito
379 1420 636 1468 augescente:

511 1488 699 1540 prologus
1442 1503 1598 1530 carmen

226 1561 398 1600 103—5
422 1561 494 1612 (Ν
518 1561 692 1601 86-90
718 1577 774 1595 ω
800 1561 986 1611 loo-2)
1114 1562 1316 1601 152—55
1350 1562 1423 1613 (ev
1446 1563 1647 1603 159—60
1667 1580 1724 1598 ev
1745 1562 1947 1615 161—2).

222 1647 394 1684 attamen
430 1645 488 1684 uti
525 1645 701 1683 diximus
738 1645 803 1684 hic
838 1644 879 1683 in
911 1658 1035 1684 unum
1066 1645 1301 1685 constrictae
1331 1647 1520 1696 leguntur
1550 1650 1693 1698 partes.
1755 1647 1947 1686 transitur

222 1728 294 1768 per
318 1716 455 1756 Martis
485 1717 772 1756 invocationem
806 1713 978 1772 (106s7)
1011 1717 1208 1768 strophico
1239 1721 1358 1757 cantu
1389 1719 1502 1770 quasi
1533 1719 1798 1758 continuatam
1821 1718 1945 1771 (1093

223 1787 362 1828 eadem
391 1789 532 1840 copula
561 1801 608 1828 ac
639 1786 777 1840 Suppl.
812 1789 894 1829 627
930 1789 1039 1829 Pers.
1074 1789 1186 1839 628).

366 1859 555 1900 discissae
591 1864 723 1899 autem
755 1864 847 1899 sunt
877 1861 1013 1911 parodi
1044 1861 1260 1900 instructae
1290 1862 1525 1912 anapaestis.
1586 1865 1706 1914 atque
1736 1863 1945 1915 Supplices

199 1934 314 1982 vpost
352 1932 461 1971 chori
491 1932 694 1984 Danaique
733 1932 951 1983 explicatas
991 1945 1179 1983 personas
1212 1930 1395 1986 (1—14)
1426 1934 1599 1985 primum
1640 1947 1684 1975 se
1714 1935 1764 1974 ad
1795 1937 1945 1986 Argum

221 2003 423 2054 appulisse
454 2010 635 2044 enarrant
666 2005 850 2055 quoniam
880 2017 932 2043 ex
963 2004 1033 2043 Ius
1065 2005 1145 2043 sint
1174 2006 1362 2056 progenie
1391 2005 1616 2057 (15—22),
1647 2007 1789 2047 deinde
1814 2007 1946 2047 'renu-

221 2087 305 2114 rem
336 2075 559 2126 implorant,
594 2075 688 2115 deos
721 2088 885 2126 superos
916 2076 1152 2130 inferosque,
1183 2077 1365 2128 inprimis
1390 2077 1536 2128 Iovem,
1569 2082 1613 2117 ut
1644 2091 1688 2118 se
1717 2079 1824 2131 ipsas
1856 2092 1946 2119 con-

223 2150 404 2197 servent,
423 2147 642 2198 Aegyptios
667 2147 833 2198 perdant
864 2149 1024 2198 (23-3
1032 2148 1083 2198 9).
1116 2161 1208 2188 ecce
1238 2149 1393 2188 fabulae
1423 2154 1702 2200 argumentum
1720 2151 1946 2202 expositmn

221 2222 314 2270 apte
353 2223 471 2271 atque
511 2219 712 2259 concinne.
774 2219 830 2258 nil
873 2220 1072 2259 nescimus
1116 2220 1222 2272 quod
1254 2222 1521 2260 necessarium
1563 2226 1624 2262 est
1666 2223 1716 2262 ad
1754 2223 1945 2262 actionem

221 2293 330 2330 recte
359 2291 664 2342 percipiendam.
725 2292 806 2331 iam
837 2291 1015 2331 Danaum
1052 2304 1308 2332 accessurum
1344 2294 1560 2333 conicimus
1590 2295 1641 2333 ad
1671 2295 1845 2334 chorum.
1906 2300 1946 2334 at

221 2361 330 2402 aliud
371 2362 496 2402 voluit
536 2366 663 2412 poeta.
734 2363 968 2414 perlongum
1011 2364 1164 2403 addidit
1205 2365 1405 2404 ehericum
1449 2366 1554 2416 quod
1597 2367 1742 2406 actioni
1784 2367 1946 2406 minime

222 2433 423 2474 conducat.
485 2434 621 2474 eodem
663 2435 767 2474 enim
798 2435 1053 2486 pervenimus
1094 2439 1265 2476 exeunte
1306 2437 1460 2476 chorico
1491 2438 1560 2476 ubi
1591 2438 1741 2478 fuimus
1772 2442 1945 2478 exeunte

222 2505 395 2556 prologo.
456 2509 499 2546 at
528 2519 606 2558 qua
642 2507 803 2547 tandem
839 2520 884 2547 re
915 2508 1091 2559 explevit
1122 2509 1375 2560 stropharum
1405 2509 1475 2548 illa
1505 2510 1615 2561 paria
1647 2508 1767 2552 octo?
1828 2511 1944 2550 uber-

221 2576 322 2616 rime
351 2589 399 2617 ac
428 2578 698 2629 copiosissime
729 2580 942 2619 sententias
973 2580 1089 2619 modo
1121 2580 1293 2631 prolatas
1325 2581 1575 2633 exsequitur:
1607 2583 1751 2621 chorus
1782 2582 1945 2633 Epapho

221 2648 401 2688 invocato
421 2661 473 2688 ex
493 2649 562 2689 Ius
583 2662 625 2690 se
647 2662 735 2690 esse
754 2652 943 2701 progenie
965 2663 1009 2691 se
1029 2652 1391 2692 demonstraturum
1420 2654 1592 2692 affirmat
1626 2650 1724 2704 (αοί,
1751 2654 1826 2693 nisi
1852 2666 1945 2694 vero

223 2720 399 2759 fallimur
438 2721 568 2761 verbis
615 2722 837 2762 miserrime
878 2721 1104 2777 corruptis),
1144 2724 1381 2763 lamentatur
1421 2726 1514 2777 (β-
1524 2726 1575 2775 y),
1616 2725 1710 2764 deos
1759 2726 1946 2776 implorat

221 2788 306 2845 (γ’),
337 2792 519 2843 inprimis
549 2792 695 2843 Iovem,
728 2794 841 2834 cuius
871 2794 1071 2845 praedicat
1099 2798 1337 2846 potestatem
1356 2792 1528 2847 (γ’-ε’);
1561 2797 1734 2836 carmine
1752 2798 1945 2837 instructo

223 2863 448 2914 ephymniis
495 2864 639 2904 iterum
690 2866 836 2916 singuli
876 2866 1106 2906 invocantur
1149 2867 1190 2906 di
1221 2870 1262 2906 et
1294 2867 1389 2907 deae
1429 2867 1580 2921 (Tellus
1619 2883 1657 2918 α,
1694 2869 1874 2920 Iuppiter
1904 2872 1944 2920 β,

234 2934 570 2976 Diana—Hecate
610 2958 668 2965 —
688 2937 738 2976 de
781 2950 859 2988 qua
905 2938 953 2977 cf.
1006 2937 1097 2978 Wil.
1149 2938 1284 2978 Herm.
1339 2940 1413 2989 21,
1460 2940 1544 2980 609
1588 2963 1649 2969 -
1691 2937 1739 2990 β’,
1783 2941 1946 2981 tertium
