2210 3340
977 230 1266 272 —5OA

418 345 629 397 Sophocles
668 352 708 386 et
736 347 945 399 Euripides
975 349 1154 399 prologos
1186 362 1236 388 ex
1275 350 1496 400 anapaestis
1536 350 1769 401 compositos
1800 351 1972 392 stasimis

275 428 486 466 numquam
517 418 803 469 praemiserunt
817 418 846 469 1)
878 419 996 471 (sicut
1025 420 1066 458 in
1097 420 1291 460 Prometh.
1323 421 1451 460 fabula
1476 433 1669 472 nusquam
1690 421 1970 472 reperiuntur):

274 486 516 526 maiestatem
547 489 702 539 epigoni
733 490 897 539 fugiunt.
958 494 999 529 at
1029 491 1143 529 valde
1173 491 1332 541 gavisus
1373 503 1459 530 sum
1500 504 1591 530 cum
1622 492 1702 530 vidi
1731 492 1770 530 in
1802 492 1973 542 satyrica

274 557 401 596 fabula
431 570 531 609 quae
561 571 639 599 una
677 560 789 599 nobis
828 561 971 600 tradita
1009 565 1070 600 est
1109 562 1232 600 semel
1272 561 1396 614 (Cycl.
1427 562 1646 612 483—94)
1688 563 1969 614 cantiunculae‚

273 623 420 675 κώμωι
459 629 518 668 1111
557 630 722 669 ridiculo
755 630 937 682 Cyclopis
978 635 1286 683 satyrorumque,
1328 633 1560 683 praeludere
1599 634 1859 684 coryphaeum
1898 646 1972 685 per

272 703 512 749 anapaestos.
574 713 668 740 cave
698 705 828 740 autem
860 702 996 741 credas
1028 703 1100 741 hac
1130 703 1287 741 tandem
1317 715 1360 742 re
1390 708 1619 753 argumento
1661 716 1731 743 nos
1761 716 1879 755 posse
1909 705 1968 744 uti

272 771 317 807 ut
347 769 497 810 Kaibeli
529 770 678 824 (Herm.
714 773 838 821 1895,
871 774 942 822 85)
973 773 1180 812 fulciamus
1224 774 1455 813 sententiam
1498 774 1668 825 Cyclope
1689 775 1968 827 ,antiquiorem

270 839 471 891 Euripidis
510 842 683 881 fabulam
726 846 882 882 exstare
933 845 1129 892 negantis:
1177 843 1263 882 aliis
1302 844 1455 894 legibus
1496 845 1618 894 satyri
1659 846 1838 898 subiecti,
1880 846 1967 886 aliis

270 911 456 961 tragoedi,
486 912 527 951 in
559 913 756 952 comoedia
786 926 878 952 vero
908 914 1060 964 prologi
1089 914 1147 952 illi
1178 914 1423 953 usitatissimi
1454 914 1518 966 (cf.
1551 928 1587 965 p.
1615 916 1699 967 67).

411 1019 685 1068 progredimur
723 1019 772 1058 ad
811 1019 987 1070 parodos.
1057 1025 1287 1070 anapaestos
1328 1021 1514 1060 exhibent
1552 1021 1686 1072 parodi
1725 1022 1966 1072 Aeschyleae

271 1082 407 1137 Suppl.
439 1088 547 1128 Pers.
578 1091 670 1140 Ag.;
710 1089 972 1130 Eumenidum
1004 1089 1183 1130 Orestem
1226 1091 1544 1140 investigantium
1586 1093 1794 1142 epiparodo
1834 1094 1966 1144 (244),

231 1196 233 1198 .
268 1157 376 1196 brevi
392 1160 552 1198 carmini
563 1164 679 1212 atque
691 1163 886 1212 astropho‚
902 1162 959 1200 uti
974 1161 1144 1200 stasimis
1158 1162 1354 1201 nonnullis
1370 1162 1432 1212 (cf.
1445 1175 1483 1213 p.
1500 1164 1552 1201 55
1566 1172 1601 1213 q.
1614 1165 1658 1212 s.)
1673 1164 1857 1213 prologus
1869 1165 1964 1203 iam-

268 1228 379 1267 bicus
409 1242 480 1280 pro
510 1232 757 1282 anapaestico
786 1233 1024 1283 praemissus
1065 1237 1125 1271 est
1164 1233 1290 1284 aptior
1333 1233 1424 1271 huic
1466 1233 1562 1282 loco,
1603 1234 1695 1272 huic
1724 1240 1964 1284 argumento.

270 1321 323 1328 -
358 1298 518 1351 Septem
548 1314 641 1341 vero
671 1303 806 1353 parodi
839 1303 1056 1354 strophicae
1087 1305 1188 1354 parti
1220 1316 1296 1354 quo
1315 1304 1456 1343 melius
1475 1303 1702 1355 depingeret
1731 1306 1963 1345 feminarum

408 1485 436 1531 1)
462 1487 524 1522 sed
549 1487 767 1522 commaticis
791 1487 861 1522 illis
893 1488 1092 1533 anapaestis
1129 1488 1256 1533 quibus
1295 1488 1504 1524 histrionum
1529 1490 1777 1525 renuntientur
1800 1490 1965 1527 introitus

264 1544 339 1578 tum
377 1545 599 1589 potissimum
635 1547 784 1581 utuntur
820 1557 903 1582 cum
938 1547 1000 1582 aut
1037 1546 1263 1592 subsequitur
1298 1549 1360 1583 aut
1395 1548 1572 1584 antecedit
1606 1548 1786 1585 histrionis
1822 1549 1962 1586 chorive

264 1604 402 1640 cantus.
450 1604 556 1650 igitur
587 1605 629 1640 ad
664 1605 858 1641 sententias
897 1606 1039 1651 quidem
1076 1617 1209 1641 novum
1252 1617 1317 1652 per
1360 1617 1402 1643 ea
1438 1607 1634 1643 instituitur
1671 1608 1875 1654 episodium‚
1917 1609 1960 1646 ad

263 1673 427 1698 numeros
452 1674 536 1699 vero
562 1664 665 1699 modo
691 1664 901 1709 praeludunt
925 1667 987 1701 aut
1006 1664 1173 1701 claudunt
1189 1667 1240 1710 (a)
1259 1667 1360 1701 modo
1380 1671 1415 1701 et
1432 1666 1642 1711 praeludunt
1661 1668 1697 1702 01
1713 1667 1880 1703 claudunt
1896 1667 1960 1713 (1)),

264 1732 327 1765 per
352 1733 437 1767 quos
463 1724 632 1759 transitus
657 1725 722 1760 fiat
746 1726 807 1759 aut
831 1735 852 1760 a
875 1724 1045 1760 trImetris
1069 1725 1113 1759 ad
1145 1725 1321 1760 canticum
1352 1725 1410 1761 vel
1434 1737 1454 1761 a
1479 1726 1615 1762 cantico
1638 1726 1682 1761 ad
1706 1726 1883 1762 trimetros
1908 1727 1961 1772 (a)

262 1782 324 1815 aut
347 1791 368 1817 a
399 1781 537 1817 chorico
568 1783 612 1818 ad
642 1783 822 1819 histrionis
853 1786 996 1819 cantum
1028 1783 1092 1829 (b).
1143 1784 1321 1820 numerari
1346 1784 1464 1820 Klotzi
1501 1785 1559 1830 (de
1596 1796 1688 1820 vers.
1726 1795 1826 1831 anap.
1863 1785 1958 1831 Lips.

263 1838 355 1876 1869
382 1852 414 1886 p.
442 1841 481 1887 6)
506 1852 673 1877 numeros
698 1842 859 1887 digerens
884 1853 924 1878 ac
949 1842 1118 1888 supplens
1143 1843 1241 1878 ducis
1275 1845 1468 1888 systemata
1499 1846 1581 1879 ante
1614 1854 1778 1880 scaenam
1812 1843 1957 1889 lyricam

260 1899 353 1943 apud
378 1899 481 1944 Soph.
497 1900 518 1935 2
544 1901 626 1936 Eur.
646 1902 679 1946 5,
705 1903 787 1937 ante
806 1902 986 1937 trimetros
1005 1903 1066 1937 sed
1083 1905 1162 1947 post
1180 1913 1295 1938 scaen.
1315 1902 1383 1948 lyr.
1404 1903 1497 1948 apud
1516 1903 1620 1948 Soph.
1635 1903 1657 1938 3
1674 1903 1758 1938 Eur.
1777 1902 1801 1938 8
1825 1905 1887 1950 (a),
1913 1904 1958 1940 ad

261 1968 350 2003 quae
375 1970 470 1994 nunc
493 1960 629 1995 accedit
653 1962 810 2005 systema
828 1961 1012 2007 Hypsipyl.
1039 1962 1110 1998 The
1130 1961 1239 2006 Oxyr.
1258 1961 1341 2007 Pap.
1361 1962 1412 1997 VI
1429 1973 1464 2007 p.
1485 1962 1531 1998 39
1555 1962 1592 1996 in
1611 1962 1698 2007 fine,
1721 1962 1817 1998 intra
1843 1962 1957 1998 chori-

260 2028 341 2052 cum
368 2020 403 2052 et
428 2012 503 2056 ἇπὸ
529 2019 669 2067 σκηνῆς
693 2019 751 2056 vel
775 2031 951 2055 commum
976 2021 1079 2066 Soph.
1103 2023 1120 2055 1
1141 2021 1223 2056 Eur.
1246 2022 1264 2055 7
1292 2021 1357 2066 (b).
1403 2021 1456 2056 bis
1481 2023 1618 2057 tantum
1644 2021 1768 2057 histrio
1792 2031 1956 2058 scaenam

259 2077 443 2122 ingressus
473 2079 671 2123 anapaestis
704 2079 878 2115 salutatur
912 2079 1026 2115 medio
1060 2080 1097 2114 in
1135 2080 1292 2116 diverbio
1329 2080 1450 2125 positis
1477 2081 1580 2125 Antg.
1606 2080 1676 2117 526
1700 2080 1783 2116 Eur.
1809 2079 1860 2116 El.
1886 2080 1957 2117 988

260 2135 568 2180 (Clytaemestram
595 2138 687 2173 enim
712 2137 900 2174 insolentia
924 2138 1082 2174 inflatam
1109 2139 1229 2174 eadem
1254 2140 1297 2174 de
1322 2150 1428 2175 causa
1452 2138 1668 2174 sollemniter
1691 2139 1835 2175 salutari
1852 2139 1955 2175 Euri-

259 2194 355 2239 pides
378 2195 489 2231 voluit
524 2197 568 2232 de
601 2207 672 2242 qua
694 2197 892 2242 Aeschylus
917 2200 1216 2243 Agamemnonem
1250 2200 1313 2243 Ag.
1341 2197 1423 2244 783)
1459 2219 1502 2224 -
1537 2199 1695 2234 ceterum
1727 2198 1822 2234 hunc
1855 2208 1954 2244 prae-

257 2254 357 2290 fandi
380 2256 522 2291 modum
541 2256 758 2291 rarissimum
777 2257 870 2301 apud
887 2256 1100 2302 Aeschylum
1119 2258 1192 2303 (qui
1208 2257 1275 2293 1100
1292 2258 1394 2293 1110ᾱο
1413 2258 1591 2293 renuntiat
1608 2260 1750 2303 praeter
1766 2259 1954 2303 Agamem-

257 2314 360 2349 nonis
383 2315 575 2350 adventum
599 2315 754 2361 Reginae
780 2318 816 2351 et
840 2316 973 2351 Xerxis
997 2316 1094 2352 Pers.
1117 2316 1195 2352 150.
1221 2315 1304 2361 918)
1330 2316 1519 2362 Sophocles
1544 2317 1716 2362 prioribus
1739 2316 1955 2362 temporibus

257 2373 388 2408 mirum
413 2375 584 2418 quantum
618 2375 656 2408 in
690 2374 824 2410 deliciis
856 2375 1036 2424 habuerit:
1071 2377 1175 2421 Antg.
1202 2376 1296 2411 enim
1322 2375 1468 2411 exhibet
1493 2375 1525 2421 6,
1558 2378 1638 2421 post
1663 2377 1766 2421 Antg.
1795 2377 1812 2410 1
1839 2374 1952 2411 solum

258 2434 373 2468 exstat
397 2434 614 2478 exemplum:
641 2434 680 2470 Ο.
694 2434 735 2469 R.
757 2435 847 2470 1297
860 2444 869 2480 ;
895 2435 975 2470 inde
993 2446 1014 2471 a
1029 2435 1101 2471 420
1123 2435 1247 2470 histrio
1272 2436 1347 2481 ipse
1373 2435 1474 2471 habet
1497 2438 1717 2480 anapaestos:
1742 2434 1864 2470 Traoh.
1881 2433 1950 2470 971

257 2491 346 2526 Phil.
375 2492 484 2538 14093
509 2493 554 2528 cf.
583 2493 622 2528 Ο.
637 2492 675 2530 C.
701 2493 783 2529 886.
833 2495 1024 2539 coryphaei
1049 2496 1243 2540 systemata
1267 2495 1450 2539 Euripides
1476 2494 1592 2530 rarius
1613 2494 1797 2539 usurpavit
1821 2495 1950 2539 poster.

256 2553 376 2596 temp,
413 2551 538 2587 histrio
572 2552 667 2588 canit
702 2552 777 2588 Alc.
813 2552 860 2588 28
896 2553 1001 2599 Hipp.
1041 2554 1133 2589 1283
1172 2555 1328 2598 (praeter
1364 2553 1439 2589 Alc.
1465 2553 1561 2598 861).
1609 2553 1705 2588 1111110
1741 2553 1949 2598 tragicorum

257 2620 391 2646 morem
415 2610 451 2645 in
477 2610 587 2646 risum
613 2611 762 2646 deflexit
787 2612 964 2657 Aristoph.
990 2613 1072 2657 Lys.
1102 2613 1204 2648 1072.
1232 2633 1279 2639 -
1303 2623 1366 2658 pro
1391 2613 1610 2657 anaepaestis
1634 2612 1786 2648 trimetri
1810 2611 1951 2648 iambici

256 2668 339 2704 inde
363 2669 407 2704 ab
432 2670 600 2715 Aeschyli
630 2670 858 2716 temporibus,
895 2672 1028 2706 ultimis
1066 2672 1208 2707 demum
1245 2672 1441 2707 tetrametri
1474 2671 1643 2707 trochaici
1678 2672 1873 2717 ponuntur:
1908 2670 1949 2707 Ο.

257 2728 294 2763 C.
320 2728 389 2764 886
415 2729 548 2772 histrio,
574 2729 706 2765 Phoen.
734 2730 824 2766 1307
851 2730 909 2766 Or.
933 2731 1023 2766 1549
1048 2730 1174 2766 chorus
1195 2732 1274 2776 post
1290 2731 1482 2775 canticum3
1507 2731 1630 2766 histrio
1649 2731 1718 2767 iam
1734 2741 1798 2775 per
1815 2729 1949 2766 iambos

256 2787 426 2823 indicatus
459 2788 584 2824 recitat
608 2789 748 2824 tetram.
779 2790 863 2824 ante
890 2790 1064 2825 canticum
1091 2790 1224 2825 Phoen.
1253 2791 1363 2835 1355;
1398 2791 1435 2826 et
1466 2790 1648 2835 anapaesti
1681 2792 1718 2825 et
1751 2788 1948 2825 tetrametri

256 2846 420 2890 leguntur
450 2847 514 2882 Ion
540 2848 632 2884 1246
657 2868 704 2874 -—
729 2847 917 2893 Sophocles
942 2849 1036 2885 solus
1061 2849 1119 2885 vel
1143 2849 1180 2884 in
1205 2851 1281 2894 ipso
1306 2851 1411 2885 cantu
1436 2851 1588 2885 exeunte
1606 2849 1740 2886 animos
1757 2849 1800 2885 ad
1816 2859 1946 2884 novum

255 2906 405 2940 advertit
430 2906 625 2951 episodium
649 2907 715 2952 (El.
744 2907 834 2943 1429
859 2907 951 2943 Phil.
978 2908 1047 2945 202
1074 2929 1118 2935 -
1144 2909 1264 2944 Trach.
1291 2908 1374 2944 223.
1400 2908 1497 2955 962).
