2210 3340
963 234 1253 275 „28-

263 352 318 396 agi
335 352 378 386 de
398 351 561 396 pontibus
583 350 708 395 quibus
727 350 867 385 Xerxes
887 360 985 384 mare
1004 351 1244 394 transgressus
1264 350 1318 384 est
1335 349 1393 393 (cf.
1412 360 1444 384 v.
1463 348 1509 384 68
1533 347 1762 393 λινοδέσμωι
1782 348 1958 394 σχεδίαι);

264 421 376 455 neque
415 410 529 445 obstat
566 406 777 456 εὐρὺπορος
814 409 924 454 (108),
962 409 1157 453 epithetum
1200 408 1319 448 maris,
1357 408 1458 442 modo
1495 406 1729 442 reminiscaris
1765 404 1960 454 θαλάσσης

265 463 494 516 εὐρυπόροιο
523 468 714 504 clausulam
741 478 818 503 esse
846 468 1070 503 Homericam
1108 467 1150 512 (Ο
1177 468 1243 502 381
1271 466 1330 511 al.)
1355 486 1401 492 —
1425 466 1512 501 haec
1537 465 1566 500 si
1591 465 1760 509 concedis,
1786 463 1860 500 hiat
1882 474 1960 500 sen-

263 527 373 563 tentia
397 530 475 572 post
501 532 522 565 δ
546 527 737 572 stropham,
771 538 841 561 non
868 526 959 561 enim
987 526 1113 560 timore
1149 526 1300 571 agitatur
1333 525 1460 560 chorus
1493 525 1575 570 quia
1610 524 1806 559 didicerunt
1829 523 1961 558 Persae

262 597 358 622 mare
383 587 595 631 transgredi:
631 587 722 631 quod
746 586 899 620 didicisti
925 587 1024 629 potes
1051 585 1190 629 exigere
1215 586 1320 629 atque
1353 584 1427 629 ipse
1461 584 1588 619 chorus
1619 583 1815 618 affirmavit
1837 593 1871 617 v.
1897 582 1959 618 65:

262 645 524 693 πεπέρακεν
572 641 594 693 ἦ
603 649 624 682 ὃ
632 661 653 692 η
697 639 717 682 ὅ
756 644 914 691 στρατὸς
945 643 998 688 εἰς
1035 639 1242 690 ἀντίπορον
1278 642 1419 690 χώραν.
1469 641 1631 686 expletur
1668 641 1794 677 lacuna
1829 640 1960 685 optime

262 705 482 749 transpositis
507 715 600 740 vers.
618 703 782 739 93-100
807 703 971 748 quoniam
989 703 1046 737 hic
1071 704 1250 746 comparet
1268 702 1351 736 ordo
1368 712 1451 736 vere
1470 702 1594 746 dignus
1613 700 1803 745 Aeschylo:
1828 699 1960 735 Persae

262 764 383 798 invicti
408 763 484 811 (β’).
535 764 688 799 Fortuna
712 763 788 807 ipsa
814 773 873 797 eos
899 762 1008 796 voluit
1041 761 1128 796 bella
1162 761 1336 806 persequi,
1374 761 1533 795 evertere
1573 759 1733 794 civitates
1769 759 1829 802 (δ),
1866 769 1959 793 nunc

262 833 346 858 vero
372 822 478 858 etiam
503 833 599 858 mare
625 821 836 866 transgressi
861 822 943 855 sunt
968 819 1029 864 (δ’)
1064 840 1107 844 ——
1141 822 1177 854 at
1201 820 1267 854 hoc
1302 830 1418 854 nonne
1451 818 1596 863 impium
1635 818 1735 853 erat?
1784 828 1855 852 non
1879 818 1958 852 *for-

262 884 356 917 tasse
381 883 450 916 Ata
482 881 558 926 ipsa
589 880 707 925 plagas
737 879 888 915 tetendit
919 879 1003 923 regi,
1041 879 1134 913 unde
1171 879 1329 923 effugere
1365 888 1434 912 non
1474 877 1626 922 poterit?
1652 878 1715 924 (y).
1764 876 1851 912 haec
1875 877 1957 911 dum

262 940 374 985 cogito
400 940 507 975 timor
530 940 616 974 mihi
640 939 770 981 incidit,
799 938 845 975 ὀᾶ
863 940 1056 985 Περσικοῦ
1075 936 1358 984 στρατεύματος
1376 937 1433 981 (ε).
1453 956 1497 961 --
1515 946 1639 971 verum
1659 936 1702 971 ad
1722 935 1957 971 emendandos

262 1010 295 1035 v.
321 999 367 1035 95
393 1011 425 1044 q.
453 1010 479 1034 s.
506 999 555 1033 nil
579 1008 765 1043 possumus
790 998 934 1032 afferre.

404 1094 452 1138 3.)
477 1094 596 1127 utrum
622 1093 643 1128 3
669 1102 712 1127 an
739 1090 806 1138 2¹l2
833 1091 985 1126 notanda
1009 1091 1078 1126 sint
1110 1090 1218 1135 paria,
1253 1091 1396 1135 propter
1428 1089 1538 1124 verba
1561 1089 1597 1123 in
1623 1090 1777 1124 exeunte
1803 1087 1959 1123 carmine

262 1153 426 1197 corrupta
450 1163 520 1187 non
543 1151 665 1196 liquet.

410 1245 460 1292 4.)
487 1246 636 1290 epodum
669 1256 690 1281 a
714 1256 820 1280 versu
858 1245 903 1279 76
940 1255 1066 1289 capere
1101 1243 1250 1287 initium,
1288 1253 1355 1278 non
1382 1253 1403 1278 a
1427 1253 1460 1277 v.
1486 1243 1542 1283 66,
1580 1242 1615 1277 id
1646 1242 1738 1287 quod
1762 1241 1962 1276 dubitanter

262 1305 460 1350 suspicatus
486 1307 540 1340 est
565 1304 648 1340 Wil.
675 1304 733 1340 Gr.
759 1305 814 1339 Tr.
841 1304 877 1339 ΙΙ
902 1304 982 1348 205,
1019 1304 1100 1338 inde
1137 1302 1304 1347 sequitur,
1340 1302 1429 1347 quod
1466 1301 1587 1347 tragici
1624 1302 1747 1346 poetae
1784 1299 1960 1336 consecuti

262 1364 389 1408 lyricos
416 1365 518 1408 epodi
543 1364 686 1398 demum
711 1363 812 1398 initio
837 1362 988 1398 transire
1014 1362 1127 1397 solent
1151 1362 1195 1396 ad
1220 1361 1316 1396 chori
1341 1361 1450 1405 ipsius
1475 1371 1531 1396 res
1548 1360 1606 1395 vel
1622 1359 1815 1395 sententias
1841 1359 1903 1405 (cf.
1923 1369 1960 1394 v.

263 1422 309 1458 76
334 1422 421 1469 ἐμοὶ
447 1418 477 1459 ‹5'
494 1450 502 1458 .
519 1451 525 1458 .
542 1449 549 1457 .
577 1424 705 1459 δίκαια
729 1424 793 1459 καὶ
817 1421 869 1469 μὴ
897 1416 1008 1458 δίκαι’
1036 1416 1155 1468 ἀρχὰς
1178 1420 1325 1468 πρέπον
1357 1419 1505 1457 αἰνέσαι
1532 1440 1575 1445 -
1600 1420 1662 1456 sic.
1689 1418 1798 1464 Wil.)‚
1825 1428 1894 1464 qua
1917 1418 1960 1453 de

262 1492 300 1516 re
325 1482 394 1517 vid.
421 1482 648 1527 appendicem
674 1493 707 1526 p.
734 1483 790 1517 71.

405 1577 453 1620 5.)
479 1576 613 1611 duobus
638 1576 863 1621 stropharum
896 1575 1038 1620 paribus
1071 1576 1230 1609 constare
1265 1584 1408 1609 carmen
1441 1583 1535 1608 nunc
1560 1572 1720 1608 concedit
1745 1571 1851 1607 etiam
1875 1570 1960 1606 Wil.

263 1635 322 1670 Gr.
350 1636 402 1671 Tr.
429 1636 482 1671 111
507 1635 587 1671 254.
1799 1633 1801 1635 ’

408 1731 455 1774 6.)
481 1730 549 1765 duo
573 1740 812 1773 numeramus,
838 1739 909 1764 non
933 1728 1002 1763 tria
1027 1728 1131 1773 paria.
1168 1727 1271 1772 primi
1296 1728 1387 1772 quod
1413 1727 1496 1762 dicit
1521 1726 1603 1761 Wil.
1622 1726 1708 1762 Her.
1727 1725 1765 1761 ΙΙ
1783 1723 1852 1760 168
1869 1724 1960 1769 paris

264 1789 371 1825 verba
395 1790 592 1833 interrupta
618 1791 741 1833 quater
766 1788 952 1833 coryphaei
984 1786 1152 1822 trimetris
1186 1786 1343 1822 iambicis
1375 1787 1478 1830 poeta
1510 1786 1586 1830 ipse
1619 1785 1663 1820 ab
1696 1783 1960 1829 insequentibus

265 1848 442 1893 separavit
467 1859 547 1883 cum
574 1849 699 1883 ducem
725 1849 927 1883 monentem
959 1847 1043 1882 fecit
1079 1847 1177 1891 (761)
1215 1846 1319 1893 σιγᾶι
1355 1843 1664 1893 μέλαθρα·πρὸς
1699 1843 1839 1891 χοροὺς
1875 1856 1960 1890 τρα-

264 1906 440 1953 πώμεθα.
477 1907 584 1957 igitur
609 1908 700 1952 quod
725 1908 829 1942 antea
853 1906 983 1941 dictum
1010 1908 1257 1950 cantatumque
1284 1906 1337 1940 est
1362 1915 1442 1940 cum
1461 1915 1531 1939 non
1550 1904 1596 1938 sit
1620 1903 1747 1951 χορός,
1772 1913 1793 1938 a
1817 1902 1959 1938 stasimo

264 1967 357 2011 quod
380 1966 578 2011 insequitur
602 1966 868 2011 segregandum.
918 1967 963 2000 cf.
990 1965 1096 2000 etiam
1122 1976 1154 2009 p.
1181 1966 1237 1999 57.

407 2061 454 2106 7.)
480 2061 691 2105 respondere
717 2071 750 2096 v.
772 2059 958 2096 1147—52
984 2059 1145 2094 versibus
1172 2059 1355 2094 1155—61
1384 2060 1521 2093 certum
1547 2059 1616 2101 est3
1643 2057 1802 2102 perfecta
1826 2058 1880 2091 est
1904 2066 1959 2090 re-

265 2119 405 2164 sponsio
430 2120 576 2154 mutatis
601 2119 715 2154 verbis
741 2120 862 2164 (1157)
888 2118 941 2162 εἰς
966 2117 1096 2162 οἴκους
1119 2118 1156 2152 in
1182 2118 1235 2162 εἰς
1260 2117 1412 2164 δόμους,
1450 2119 1488 2152 ut
1518 2117 1585 2151 duo
1619 2115 1822 2151 efficiantur
1854 2114 1957 2149 iambi

263 2178 384 2224 quales
410 2178 576 2213 claudunt
601 2189 753 2214 carmen.
780 2179 871 2223 quod
897 2179 1007 2213 restat
1031 2177 1277 2212 commaticum
1305 2176 1487 2213 1162—71
1515 2186 1596 2211 cum
1621 2185 1764 2220 prorsus
1797 2173 1960 2208 similiter

263 2240 368 2283 atque
393 2237 498 2273 Herc.
525 2237 699 2272 canticum
726 2238 826 2272 modo
852 2238 1164 2272 commemoratum
1188 2237 1465 2306 interrumpatur
1489 2246 1552 2280 per
1575 2233 1809 2279 coryphaeum
1835 2232 1959 2279 (inpri-

263 2297 331 2332 mis
355 2297 400 2332 cf.
426 2297 512 2333 Her
538 2297 607 2332 754

407 2350 524 2412 Lycus
576 2362 844 2413 απόλλυμαι
871 2366 996 2404 ὃόλωι.
1038 2367 1200 2411 coryph.:
1227 2368 1292 2402 καὶ
1316 2362 1389 2413 γὰρ
1422 2364 1629 2408 διώλλυς

264 2438 344 2462 cum
363 2426 414 2462 El.
437 2428 525 2462 1167
547 2426 717 2471 Clytaem.
738 2441 789 2462 ιω
806 2427 875 2472 μοί
890 2440 968 2472 μοι.
994 2426 1138 2471 coryph.
1166 2421 1351 2471 ὦιμωξα
1376 2419 1483 2472 κάγώ
1504 2423 1619 2469 [simil.
1637 2422 1742 2467 Soph.
1762 2421 1812 2456 El.
1835 2421 1959 2467 1411])

264 2509 309 2533 ne
335 2498 450 2543 ipsum
477 2498 617 2542 quidem
645 2497 792 2532 ‘chorus'
819 2500 873 2532 est
897 2498 960 2531 sed
985 2497 1217 2542 separandum
1242 2507 1263 2531 a
1287 2496 1429 2531 stasimo
1453 2495 1692 2530 antecedente.

406 2593 455 2636 8.)
480 2591 568 2627 falso
594 2592 714 2626 Herm.
742 2591 793 2646 Eg
822 2592 888 2632 731
915 2590 1049 2626 Nauck.
1077 2590 1133 2626 alii
1158 2602 1191 2625 v.
1218 2590 1381 2626 676-89
1405 2590 1443 2624 in
1467 2590 1553 2624 duas
1578 2588 1774 2633 dispescere
1799 2587 1960 2632 strophas

270 2650 327 2687 vel
352 2651 432 2686 inde
458 2651 619 2696 sequitur
644 2651 735 2695 quod
766 2646 994 2695 grammatica
1023 2650 1159 2685 ratione
1196 2649 1383 2684 coniuncta
1419 2650 1537 2683 essent
1574 2648 1696 2682 contra
1731 2657 1835 2682 usum
1859 2646 1962 2682 Euri-

264 2710 405 2755 pideum
432 2710 514 2755 (vid.
541 2711 686 2755 append.
714 2721 747 2755 p.
774 2709 853 2751 ‘loix
881 2719 1044 2744 numeros
1069 2709 1214 2753 digessit
1238 2707 1320 2743 Wil.
1348 2707 1500 2752 Choeph.
1525 2706 1605 2742 257.

406 2793 454 2837 9.)
480 2794 526 2829 es.
550 2787 584 2838 p.
609 2792 666 2828 22.
