2210 3340
935 244 1229 286 -57-

226 377 464 418 quamquam
505 365 605 405 haec
647 364 728 404 νῦν
770 363 898 403 varias
941 363 1170 415 exprimunt
1213 363 1444 403 sententias:
1493 363 1701 414 Supplices
1743 362 1944 414 Choepho-

226 449 371 490 rosque
399 449 424 477 a
453 435 616 476 diverbii
653 435 953 487 prologorumve
984 435 1206 474 humilitate
1243 435 1318 474 hoc
1348 438 1552 474 transeunt
1582 435 1699 473 verbo
1729 435 1779 474 ad
1809 447 1945 486 preca-

225 509 372 549 tionem
411 508 657 556 sollemnem,
697 506 841 545 Persae
881 518 932 546 ex
972 506 1030 546 eis
1068 518 1169 558 quae
1207 506 1416 546 audierunt
1452 505 1644 556 colligunt
1675 502 1757 558 (δή)
1789 518 1834 546 eo
1865 506 1944 545 iam

227 591 317 621 esse
347 581 582 633 perventum
603 581 649 618 ut
678 580 761 617 tota
790 578 886 617 Asia
916 578 957 617 in
988 578 1099 618 luctu
1131 578 1194 628 sit,
1227 577 1355 617 simile
1386 577 1481 629 quid
1511 577 1763 628 praesagiunt
1792 577 1943 617 Furiae.

227 674 285 682 —
305 654 426 704 atque
455 650 548 690 hinc
576 650 767 690 illustrari
797 661 916 701 posse
947 650 1048 689 duco
1079 662 1238 690 versum
1269 650 1383 689 illum
1415 650 1626 701 coryphaei
1658 648 1829 701 Choeph.
1859 650 1942 689 719

631 729 754 774 πότε
788 730 844 785 δὴ
878 733 1068 783 δείξομεν
1101 729 1225 783 ἰσχὺν
1256 729 1320 773 ἐπ’
1345 729 1547 785 Ὀρέστηι,·

225 818 291 859 cui
321 818 433 870 quasi
463 810 783 870 respondendum
814 821 875 857 est

878 889 942 929 νῦ
947 903 972 928 ν
1004 885 1060 941 δὴ
1096 889 1296 938 δείξομεν.

371 985 623 1037 Sophoclis
643 988 774 1025 autem
793 988 913 1037 atque
934 985 1182 1038 Euripidis
1202 988 1249 1023 ut
1269 988 1460 1036 spernunt
1477 984 1670 1036 prooemia
1688 983 1947 1035 anapaestica,

226 1057 282 1098 ita
320 1057 434 1097 iussu
474 1057 588 1097 ducis
618 1057 871 1096 histrionisve
913 1056 1034 1095 indici
1075 1068 1233 1095 carmen
1270 1056 1432 1096 minime
1461 1057 1591 1095 refert.
1653 1055 1763 1095 nulla
1791 1058 1948 1106 praesto

226 1129 326 1169 mihi
366 1132 460 1169 sunt
497 1128 680 1180 exempla
720 1131 877 1180 praeter
920 1127 1058 1167 Trach.
1093 1128 1176 1167 202
1220 1127 1304 1167 Alc.
1336 1128 1424 1166 424
1467 1127 1615 1179 (monet
1644 1126 1798 1178 histrio)
1830 1126 1946 1166 Herc.

230 1202 313 1242 761
361 1199 461 1254 (dux
491 1212 563 1252 per
592 1200 755 1250 iambos)
799 1199 862 1239 Or.
899 1201 1024 1239 1353.
1086 1199 1199 1239 cuius
1240 1199 1297 1238 rei
1335 1211 1454 1239 causa
1483 1199 1525 1238 in
1557 1198 1826 1238 diversissima
1857 1210 1948 1249 poe-

228 1275 357 1313 tarum
386 1272 536 1312 ratione
566 1271 696 1323 posita
725 1275 787 1311 est
817 1271 1092 1323 compingendi
1124 1271 1297 1311 chorica:
1329 1271 1553 1321 Aeschylus
1584 1274 1629 1310 ut
1659 1271 1819 1310 stasima
1844 1282 1949 1309 com-

227 1344 340 1397 ponit
381 1343 446 1384 vel
489 1343 540 1383 ad
581 1343 796 1383 sententias
835 1343 1033 1383 artissime
1074 1343 1326 1382 cohaerentes
1358 1355 1449 1382 cum
1490 1343 1644 1382 fabulae
1686 1343 1850 1390 actione,
1893 1341 1950 1381 ita

229 1427 368 1457 causas
401 1415 552 1467 appetit
593 1415 656 1455 vel
696 1415 812 1454 etiam
860 1415 977 1465 fingit
1019 1427 1090 1454 cur
1126 1415 1271 1454 chorus
1309 1417 1494 1454 constans
1532 1414 1692 1454 senibus
1730 1413 1948 1464 virginibus

229 1487 358 1528 Furiis
386 1487 590 1540 repentino
627 1490 878 1526 convertatur
907 1486 956 1526 ad
989 1486 1244 1538 cantandum;
1276 1486 1318 1525 id
1351 1486 1454 1538 quod
1485 1486 1767 1538 posterioribus
1797 1489 1948 1536 tempo-

228 1559 340 1600 ribus
369 1562 450 1599 tam
481 1559 671 1598 usitatum
702 1558 908 1598 videbatur
947 1561 994 1597 ut
1023 1570 1141 1610 quam
1173 1558 1387 1597 mirificum
1418 1561 1524 1597 esset
1554 1569 1715 1609 prorsus
1748 1557 1950 1597 oblivisce-

230 1634 376 1672 rentur.
416 1631 595 1671 consulto
625 1634 755 1670 autem
788 1630 1041 1669 criminamur
1071 1633 1210 1681 poetae
1242 1642 1395 1669 summo
1425 1630 1556 1681 ipsum
1587 1629 1786 1669 interdum
1810 1640 1951 1668 causas

231 1715 323 1743 cum
351 1705 584 1753 argumento
623 1714 702 1741 non
741 1702 1023 1753 praeberentur
1063 1714 1200 1753 parum
1233 1705 1324 1753 apte
1354 1701 1629 1752 assumpsisse.
1691 1713 1782 1740 nam
1812 1700 1950 1752 Suppl.

233 1775 319 1816 520
351 1774 439 1814 Rex
468 1774 649 1814 exiturus
681 1776 726 1813 ut
755 1774 945 1825 populum
976 1777 1174 1823 convocet,
1206 1774 1367 1813 chorum
1399 1773 1582 1813 admonet
1612 1773 1743 1812 verbis

520 1855 630 1910 προς
661 1858 798 1898 ταῦτα
829 1859 951 1906 μίμνε
982 1859 1052 1897 καὶ
1084 1854 1244 1905 θεοὺς
1275 1856 1558 1909 ἐγχωρίους

518 1933 683 1977 λιταῖς
708 1932 962 1981 παραιτοῦ
995 1933 1097 1969 τῶν
1130 1926 1166 1969 6‘
1190 1928 1315 1981 ἔρως
1347 1928 1447 1979 ἔχει
1477 1935 1663 1979 τυχεῖν.

232 2025 304 2054 cur
333 2014 408 2053 hoc
438 2012 568 2055 dicit?
630 2013 725 2065 quid
763 2025 853 2053 eum
890 2013 1044 2053 movit?
1105 2013 1172 2063 nil,
1214 2013 1283 2053 sed
1319 2017 1435 2065 poeta
1465 2013 1539 2053 hoc
1567 2025 1659 2052 eum
1689 2012 1953 2063 proferentem

231 2085 326 2126 fecit
351 2098 428 2138 quo
458 2088 561 2137 apte
580 2085 806 2124 adnecteret
836 2085 1055 2126 Stasimum.

451 2170 488 2209 2.
520 2169 748 2209 carminis
778 2172 1110 2219 argumentum
1141 2169 1522 2220 praenuntiatur.

376 2241 469 2293 quid
513 2241 608 2280 insit
646 2241 685 2280 in
729 2241 894 2290 chorico,
926 2241 1032 2280 haud
1069 2252 1155 2280 raro
1192 2241 1279 2292 ipso
1311 2241 1522 2292 coryphaei
1554 2240 1806 2280 histrionisve
1837 2239 1951 2278 iussu

234 2314 470 2364 continetur5
511 2313 682 2364 legimus
714 2325 747 2355 e.
766 2326 803 2363 g.
844 2309 1034 2362 λέξωμεν
1074 2308 1246 2365 εὐχάς,
1289 2311 1395 2365 αἴρω
1434 2308 1596 2365 μόρον
1627 2311 1952 2362 πολυπενθῆ,

237 2385 426 2436 δείξομεν
471 2381 618 2434 ἰσχὺν
654 2382 718 2424 ἐπ’
752 2381 945 2438 Ὀρὲστηι7
982 2385 1150 2436 imperat
1180 2384 1267 2424 Rex
1298 2384 1515 2437 παραιτοῦ
1543 2384 1633 2424 τῶν
1667 2380 1702 2423 σ’
1735 2382 1842 2435 ἔρως
1873 2381 1952 2432 ἔχει

235 2463 378 2507 τυχεῖν
407 2456 531 2496 multo
562 2458 692 2496 minus
724 2456 888 2496 definite
920 2457 1103 2507 loquente
1133 2456 1321 2508 Euripide
1352 2457 1484 2508 (Herc.
1520 2455 1622 2509 761)
1656 2451 1764 2508 πρὸς
1793 2450 1953 2506 χοροὺς

235 2522 510 2581 τραπώμεθα.
554 2532 745 2580 quantum
761 2540 853 2568 vero
865 2529 1050 2579 Aeschyli
1068 2528 1229 2580 quidem
1242 2529 1463 2568 interfuerit
1476 2528 1742 2579 praesciscere
1752 2527 1954 2566 audientes

236 2600 331 2652 quid
361 2603 466 2640 esset
482 2603 732 2654 tractaturus,
753 2601 934 2651 inprimis
954 2600 1174 2640 ostenditur
1190 2612 1290 2639 vers.
1307 2600 1420 2639 Eum.
1437 2601 1521 2639 307
1541 2613 1577 2651 q.
1594 2612 1624 2639 s.
1650 2599 1831 2638 adiunxit
1848 2598 1955 2637 enim

236 2671 363 2711 iussui

738 2725 812 2781 ἄγε
847 2727 896 2782 δὴ
930 2732 1001 2770 καὶ
1031 2727 1166 2782 χορὸν
1200 2725 1494 2781 ἅψω,ιιεν.ἐπεὶ

737 2801 905 2851 μοῦσαν
938 2799 1144 2854 στυγερὰν

739 2870 1057 2923 ἀποφαίνεσθαι
1091 2869 1312 2926 δεδόκηκεν

238 2948 358 2985 verba
738 2946 855 2997 λέξαι
887 2960 930 2986 τε
960 2941 1066 2997 λάχη
1101 2941 1154 2986 τὰ
1184 2942 1277 2986 κατ’
1299 2941 1560 2998 ἀνθρώπους
