2210 3340
425 320 621 354 ternorum
664 316 816 366 parium
859 317 1031 355 carmina
1075 317 1157 355 sive
1200 320 1314 355 aucta
1356 316 1480 366 epodo
1523 316 1604 354 sive
1650 328 1696 355 ea
1735 301 1906 355 carentia
1942 315 1982 355 in

284 386 420 436 primis
453 386 690 435 Aeschylum
733 387 916 426 habuisse
958 387 996 425 in
1041 387 1191 426 deliciis
1234 387 1321 438 ipsa
1363 387 1496 426 tabula
1538 387 1659 425 docet.
1720 390 1851 425 notata
1892 391 1983 425 sunt

289 460 339 495 10
381 469 498 495 carm.
542 454 614 509 (-1-
647 457 773 495 Prom.
817 458 917 508 399)
963 470 1054 508 patz-
1091 459 1115 496 3
1161 458 1224 496 vel
1267 455 1379 511 31l2‚
1429 459 1474 496 11
1526 457 1696 508 (praeter
1739 457 1982 506 Promethea)

285 527 455 578 plurium
499 528 750 574 minorumve,
797 529 819 565 ‘2
868 528 1014 578 (parodi
1053 527 1187 578 Suppl.
1220 529 1339 576 Pers.)
1383 528 1423 566 in
1471 529 1610 578 quibus
1652 528 1725 566 tria
1767 527 1836 567 illa
1877 527 1984 578 paria

284 598 467 637 adiuncta
506 610 598 637 sane
637 599 749 637 alteri
781 599 940 637 carmini
971 602 1099 637 tamen
1132 599 1298 649 quodam
1331 599 1443 637 modo
1475 600 1557 638 sola
1588 602 1692 637 stant
1728 597 1789 647 (cf.
1822 611 1859 649 p.
1893 596 1980 652 29).

284 669 473 707 accedunt
517 674 607 707 stas.
647 669 781 719 Suppl.
816 670 898 708 630
941 669 1051 708 Eum.
1086 669 1215 719 3211)
1261 669 1430 719 strophis
1476 671 1598 708 1-3
1644 669 1831 720 separatis
1873 681 1919 708 co
1961 681 1982 708 a

287 740 528 789 strophis‘4‚
560 740 664 790 quod
696 740 802 778 solae
833 740 1056 790 ephymniis
1087 740 1301 778 instructae
1333 744 1434 778 sunt.

428 826 546 872 atque
586 823 648 860 hic
688 822 807 861 latere
846 822 991 873 aliquid
1033 822 1189 871 mystici
1230 822 1343 861 facile
1383 823 1571 860 concedes
1607 835 1694 861 cum
1727 822 1983 872 pensitaveris

285 894 392 932 haec.
424 906 517 943 prae
548 893 688 932 ceteris
718 893 867 931 cantica
887 893 1110 943 ephymniis
1132 893 1305 943 praedita
1328 916 1382 920 —-—
1406 898 1443 931 et
1464 893 1521 931 eis
1546 893 1688 943 quibus
1712 893 1773 932 bis
1790 896 1984 944 ponantur

286 964 402 1002 verba
445 964 578 1002 eadem
623 967 663 1002 et
705 964 939 1012 rhythmicis
983 963 1087 1013 (Wil.
1120 964 1209 1002 Her.
1241 963 1306 1001 112
1340 964 1408 1013 80)
1454 986 1508 991 ——-
1552 963 1703 1013 parium
1742 965 1766 1002 3
1800 963 1984 1003 exhibent

287 1036 459 1073 formam.
521 1035 723 1073 adicienda
765 1035 866 1073 enim
908 1034 957 1073 ad
998 1033 1134 1084 Suppl.
1169 1035 1252 1073 630
1294 1034 1405 1073 Eum.
1438 1035 1519 1073 321
1563 1035 1679 1084 paulo
1709 1037 1800 1073 ante
1829 1034 1984 1074 laudata

287 1105 422 1156 Suppl.
452 1105 585 1155 parodi
619 1117 709 1155 pars
739 1105 871 1154 altera,
904 1105 1064 1144 stasima
1083 1105 1254 1155 Choeph.
1280 1106 1360 1143 783
1378 1105 1418 1154 2),
1450 1106 1523 1154 Ag.
1545 1106 1627 1144 367
1661 1105 1773 1144 cuius
1805 1105 1984 1155 strophas

292 1178 400 1215 1—3
434 1177 654 1227 insequitur
685 1176 832 1226 epodus
863 1177 911 1215 ab
942 1176 1154 1226 ephymnio
1186 1176 1300 1214 nuda.
1338 1180 1455 1226 atquc
1485 1175 1576 1214 inde
1607 1176 1711 1226 quod
1741 1179 1800 1214 ter
1831 1175 1984 1226 (Suppl.

289 1249 371 1286 630
414 1249 486 1297 Ag.
520 1250 602 1287 367
645 1247 754 1286 Eum.
790 1245 893 1300 321)
933 1247 1157 1297 ephymniis
1195 1249 1450 1285 instruentem
1483 1250 1636 1296 poetam
1667 1247 1846 1286 videmus
1877 1247 1984 1297 paria

230 1309 233 1312 ¹
290 1319 414 1371 1——37
446 1318 615 1368 strophis
647 1342 704 1345 —
735 1318 795 1356 vel
838 1316 999 1368 stropha
1029 1341 1086 1345 —
1118 1319 1145 1356 4
1186 1317 1270 1356 sine
1311 1317 1533 1367 ephymniis
1572 1318 1731 1367 insuper
1759 1317 1914 1366 additis,
1944 1317 1984 1356 id

286 1389 443 1439 quidem
489 1389 694 1438 colligatur
736 1401 895 1427 necesse
939 1394 998 1427 est
1041 1389 1163 1427 fuisse
1204 1388 1333 1438 legem
1377 1400 1476 1438 quae
1518 1388 1630 1438 plura
1659 1386 1821 1439 paribus
1853 1390 1878 1427 3
1910 1388 1985 1427 hoc

287 1460 391 1498 affici
422 1464 649 1499 ornamento
680 1463 840 1499 vetaret.
872 1483 930 1488 —
960 1464 1000 1498 at
1030 1459 1164 1498 eadem
1196 1459 1258 1497 via
1288 1459 1441 1508 longius
1472 1459 1772 1510 procedendum.

427 1546 488 1582 ter
518 1543 771 1593 ephymnium
805 1543 997 1593 reperitur
1026 1543 1066 1580 in
1087 1545 1158 1592 Ag.
1190 1542 1325 1593 parodi
1355 1546 1466 1592 parte
1496 1543 1635 1593 priore,
1666 1546 1756 1592 post
1785 1542 1982 1593 stropham

286 1615 571 1664 antistrophum
603 1614 769 1665 epodum
802 1615 943 1653 chorus
972 1614 1156 1664 imperat:

680 1696 842 1736 αἴλινον
874 1695 1036 1736 αἴλινον
1067 1691 1168 1744 εἰπέ,
1201 1693 1250 1736 τὸ
1285 1693 1319 1735 δ’
1343 1690 1387 1736 εὖ
1421 1692 1590 1738 νικάτω.

287 1792 408 1818 unum
455 1781 582 1818 solum
626 1780 743 1819 trium
790 1780 939 1830 parium
993 1780 1194 1818 Stasimum
1241 1780 1389 1830 pepigit
1434 1780 1640 1830 Euripides
1686 1779 1813 1828 (Herc.
1862 1779 1983 1826 347):

288 1851 510 1900 ephymniis
549 1851 785 1900 rhythmicis
825 1852 1022 1891 instruxit.
1054 1875 1112 1879 —-
1145 1854 1215 1901 Ag.
1255 1851 1388 1901 parodi
1429 1851 1549 1901 partis
1591 1851 1731 1900 prioris
1770 1849 1985 1890 consimilia

289 1922 448 1961 stasima
480 1923 618 1962 Bacch.
643 1924 738 1962 862.
774 1924 876 1961 977:
915 1923 1113 1972 stropham
1151 1923 1513 1973 antistrophumque
1544 1922 1793 1972 subsequitur
1821 1921 1984 1972 ephym-

288 1993 408 2038 nium,
441 1994 589 2043 epodus
620 1994 675 2031 illi
708 1993 790 2032 exit
820 1994 860 2032 in
892 1996 1034 2032 κῶλον
1064 1994 1257 2044 quoddam
1289 1994 1499 2043 ephymnio
1536 1993 1584 2031 ad
1615 2004 1797 2031 numeros
1827 1992 1982 2043 quidem

432 2155 458 2198 ¹)
484 2166 553 2189 non
579 2155 705 2190 desunt
729 2155 786 2200 qui
814 2166 892 2190 cum
924 2155 1070 2190 Heathio
1097 2167 1177 2190 vers
1203 2155 1367 2191 372—76
1397 2156 1613 2190 transferant
1644 2157 1725 2190 ante
1756 2154 1933 2199 stropham
1959 2168 1983 2201 γ

290 2214 339 2248 ita
363 2216 402 2248 ut
426 2215 661 2259 respondeant
686 2214 729 2249 ad
756 2225 787 2250 v.
815 2215 1011 2250 355—359.
1063 2215 1128 2250 hoc
1161 2215 1288 2250 falsum
1322 2216 1386 2256 est,
1418 2225 1499 2249 cum
1532 2215 1640 2249 verba
1674 2213 1777 2260 μάλα
1814 2207 1983 2259 ἁλομένα

289 2272 487 2320 βαρυπεσῆ
512 2273 717 2320 καταφέρω
743 2273 863 2317 ποδὸς
889 2268 1015 2320 ἀκμάν
1040 2285 1109 2309 non
1129 2274 1263 2319 possint
1280 2274 1475 2309 continuari
1493 2273 1614 2319 primis
1631 2273 1793 2318 strophae
1819 2275 1841 2309 δ
1865 2271 1983 2308 verbis

291 2331 408 2375 δόξαν
448 2329 478 2368 τ’
507 2327 660 2377 ἀνδρῶν
699 2331 939 2378 μινύθουσιν.
990 2333 1097 2367 inimo
1133 2334 1217 2368 haec
1252 2334 1396 2377 exigunt
1429 2336 1468 2367 ut
1502 2344 1534 2367 v.
1568 2333 1637 2368 354
1670 2343 1702 2377 q.
1737 2342 1764 2367 s.
1807 2332 1984 2366 iterentur

290 2402 350 2435 po
337 2395 368 2424 t
393 2390 473 2427 367
501 2398 540 2424 ut
565 2392 648 2425 ordo
674 2392 718 2425 sit
743 2387 837 2428 (οταν
857 2388 962 2439 Ἄρης
988 2394 1053 2438 (pl)-
1058 2406 1103 2429 ον
1123 2391 1213 2440 ξ’ληι,
1240 2391 1300 2429 ἐπὶ
1319 2391 1386 2429 τὸν
1407 2391 1550 2438 ιὲμεναι
1567 2391 1756 2438 κρατερὸν
1775 2387 1858 2428 ονιΨ
1878 2385 1984 2436 ὅμως

290 2464 546 2497 αναυρουμεν,
585 2450 692 2495 δόξαι
736 2465 756 2487 τ
806 2447 957 2497 ἀνδρῶν
983 2455 1045 2488 καὶ
1083 2451 1186 2497 μάλα
1224 2453 1381 2497 σεμναὶ.
1421 2450 1696 2497 .μινύθουσιν.
1746 2450 1810 2485 hoc
1840 2452 1983 2495 accepto

291 2521 322 2543 v.
350 2511 464 2544 372—
469 2510 514 2545 76
539 2521 620 2545 cum
646 2510 857 2546 Schneidero
891 2510 1041 2545 iterandi
1067 2516 1143 2555 post
1170 2510 1248 2546 380.
1300 2510 1350 2545 sic
1384 2517 1439 2545 ter
1464 2510 1564 2544 binae
1589 2509 1795 2544 efficiuntur
1819 2508 1983 2554 strophae

290 2568 435 2614 singulis
460 2580 540 2604 cum
566 2569 773 2614 ephymniis.

433 2640 460 2682 ²)
485 2640 764 2676 distributionem
784 2651 804 2675 a
821 2640 1035 2676 Schneidero
1060 2640 1227 2685 prolatam
1248 2636 1305 2675 hic
1323 2651 1460 2685 quoque
1479 2640 1687 2684 accepimus,
1712 2639 1980 2674 incertissimam

291 2710 368 2734 esse
394 2710 463 2734 non
489 2700 699 2744 ignorantes.
749 2701 785 2735 at
809 2699 982 2735 Blassium
1009 2710 1150 2734 carmen
1175 2702 1271 2734 recte
1305 2700 1487 2744 disponere
1522 2699 1571 2733 sic
1609 2702 1659 2746 αβ
1696 2699 1758 2744 (=
1783 2698 1923 2743 ephym.
1949 2697 1982 2742 I)

293 2757 339 2802 α’,
365 2772 389 2805 y
414 2757 603 2804 μεσωιδός
628 2761 687 2804 (=
713 2758 853 2803 ephym.
880 2759 932 2805 11)
958 2757 1003 2806 γ’,
1030 2757 1086 2806 δβ“
1114 2762 1174 2804 (z
1200 2758 1340 2803 ephym.
1367 2759 1434 2797 ΙΙΙ)
1461 2753 1496 2794 δ’
1525 2758 1598 2792 veri
1623 2757 1888 2792 dissimillimum
1915 2759 1982 2792 est.

291 2828 406 2861 neque
438 2818 528 2852 enim
555 2828 703 2862 usquam
729 2818 807 2852 talis
833 2818 1007 2863 reperitur
1032 2820 1209 2853 structura
1234 2828 1348 2862 neque
1375 2818 1564 2862 respondet
1589 2820 1615 2864 β
1639 2816 1751 2861 qualis
1776 2816 1902 2852 tradita
1927 2822 1981 2850 est

291 2876 333 2909 ad
359 2876 536 2920 stropham
563 2875 608 2923 β.
