2210 3340
992 221 1282 263 —48—

822 341 932 379 α17

500 372 614 412 Hem.
698 375 780 414 637
819 412 847 458 B
882 412 934 449 14
990 375 1042 425 gl.
1173 375 1255 414 Ion.
1369 377 1454 415 452
1495 355 1545 451 Ξ,
1580 415 1630 452 17
1664 377 1716 428 gl.

498 513 583 565 Iph.
598 515 640 553 T.
671 516 782 555 1089
820 494 848 599 Ξ
883 483 935 591 {Z
992 517 1045 567 gl.
1173 517 1258 567 Iph.
1276 518 1321 556 A.
1342 518 1453 557 1036
1494 497 1547 592 Z„
1578 484 1630 593 {g
1663 520 1714 569 gl.

284 618 405 667 igitur
435 620 540 670 quod
571 621 776 660 verborum
806 622 912 661 idem
943 622 1082 662 docent
1112 635 1296 662 versuum
1329 625 1489 663 numeri.

426 761 525 800 quae
567 762 670 789 nunc
711 751 911 789 effecimus
955 751 988 790 si
1025 752 1298 801 coniungimus
1340 764 1431 791 cum
1472 753 1527 792 eis
1571 766 1670 804 quae
1710 755 1839 805 priore
1868 755 1987 795 huius

281 818 422 869 capitis
452 823 562 870 parte
606 821 872 871 exposuimus,
916 822 1011 861 haec
1048 822 1319 862 constituenda
1355 826 1416 862 est
1452 824 1604 873 regula:
1649 824 1856 876 Euripides
1897 829 1987 878 post

283 902 428 929 annum
462 903 494 930 c.
526 892 612 931 420
644 904 716 943 pro
747 892 983 932 carminibus
1014 893 1183 932 minores
1215 894 1394 944 strophas
1424 895 1699 934 exhibentibus
1718 896 1986 947 amplitudine,

282 960 448 1000 maiores
480 974 643 1001 numero
676 963 935 1013 stropharum,
966 964 1098 1014 posuit
1129 964 1289 1003 stasima
1313 964 1551 1014 longissimis
1570 966 1783 1017 composita
1804 967 1984 1020 strophis,

282 1043 444 1071 numero
476 1034 723 1084 stropharum
768 1034 995 1084 minoribus,
1035 1035 1090 1074 ita
1119 1038 1163 1073 ut
1206 1047 1283 1086 quo
1326 1048 1402 1087 qua
1441 1036 1632 1075 recentior
1669 1036 1720 1076 sit
1758 1037 1900 1092 fabula,
1939 1051 1986 1080 eo

281 1104 491 1155 ampliores
523 1104 706 1144 exhibeat
737 1106 917 1156 strophas
935 1106 1163 1145 carminum.
1197 1129 1251 1134 —
1283 1107 1356 1145 hoc
1386 1110 1517 1146 autem
1547 1107 1754 1146 artificium
1785 1108 1881 1159 quid
1911 1109 1986 1149 sibi

283 1175 449 1214 voluerit
479 1175 673 1226 siquidem
705 1188 755 1215 ex
786 1177 935 1215 musica
965 1180 1048 1215 arte
1072 1177 1405 1228 interpretandum
1437 1182 1508 1227 est,
1539 1178 1817 1218 difficillimum
1845 1182 1908 1220 est
1935 1179 1985 1220 ad

282 1246 582 1296 explanandum.
643 1251 774 1286 tamen
805 1248 879 1286 hoc
909 1247 1069 1298 quidem
1099 1248 1176 1298 ipsi
1207 1260 1278 1287 nos
1308 1249 1594 1298 intellegimus:

427 1312 592 1368 στροφή
623 1321 684 1357 est
713 1315 850 1367 μέλος,
882 1319 1002 1368 igitur
1031 1331 1103 1369 pro
1129 1319 1315 1369 praecisis
1336 1323 1452 1370 atque
1473 1320 1627 1370 exiguis
1647 1321 1825 1360 cantibus
1854 1322 1986 1373 posuit

280 1391 397 1438 poeta
428 1388 689 1438 longissimos,
720 1401 791 1439 pro
824 1390 1070 1440 simplicibus
1101 1390 1339 1441 multiplices
1370 1394 1487 1441 atque
1517 1391 1655 1430 varios.
1715 1391 1756 1430 in
1787 1391 1851 1431 his
1880 1392 1984 1432 enim

281 1458 451 1508 strophis
480 1459 680 1509 perlongis
711 1460 835 1499 multo
868 1461 1024 1511 saepius
1064 1464 1245 1511 poterant
1286 1462 1445 1500 flectere
1487 1464 1655 1511 cantum,
1702 1457 1892 1514 στρέφειν
1934 1459 1985 1503 τὸ

279 1525 417 1579 μέλος,
451 1542 566 1580 quam
597 1531 638 1569 in
670 1531 915 1582 simplicibus
939 1532 1019 1570 illis
1039 1532 1211 1582 priorum
1230 1535 1463 1582 temporum.
1523 1533 1600 1573 iam
1631 1545 1721 1572 cum
1751 1534 1824 1574 hoc
1853 1534 1985 1585 ipsum

278 1599 513 1651 Euripideae
549 1602 688 1641 aetatis
726 1603 851 1653 poetis
891 1603 1186 1652 dithyrambicis
1228 1603 1400 1642 studium
1439 1603 1562 1643 fuisse
1604 1608 1756 1643 constet
1798 1604 1867 1656 qui
1912 1617 1982 1656 pro

279 1672 517 1711 carminibus
549 1671 594 1712 ἐν
628 1669 924 1724 ἀντιστρόφοις
955 1677 1169 1724 posuerunt
1201 1670 1503 1724 ἀπολελυμένα,
1534 1674 1764 1725 Euripidem
1793 1687 1882 1714 cum
1912 1687 1984 1726 pro

278 1743 434 1793 pusillis
479 1743 559 1782 illis
606 1745 786 1794 strophas
832 1748 1083 1794 componeret
1121 1745 1383 1797 longissimas,
1427 1745 1587 1784 stasima
1629 1745 1772 1785 similia
1813 1745 1981 1786 reddere

286 1814 460 1853 voluisse
493 1815 630 1853 solutis
662 1815 994 1864 dithyramborum
1033 1828 1315 1867 nomorumque
1355 1816 1532 1855 cantibus
1571 1828 1641 1867 pro
1680 1820 1785 1855 certo
1821 1817 1983 1856 affirmo.

282 2028 317 2066 2.
356 2027 421 2066 De
461 2028 741 2078 anapaestis
781 2028 956 2078 lyricis
995 2029 1286 2068 carminibus
1325 2029 1612 2079 antepositis
1651 2029 1728 2068 vel
1766 2029 1978 2069 insertis.

422 2121 592 2161 Parodos
635 2122 922 2172 tragoediarum
972 2135 1049 2162 non
1092 2135 1178 2162 raro
1221 2135 1267 2162 eo
1309 2123 1447 2162 differe
1496 2123 1703 2162 voluerunt
1744 2135 1768 2162 a
1810 2123 1979 2163 stasimis

278 2192 500 2242 Aeschylus
530 2196 648 2243 atque
678 2193 888 2244 Euripides
920 2194 1024 2245 quod
1054 2194 1168 2245 plura
1194 2194 1360 2244 singulis
1381 2193 1662 2244 copulaverunt
1682 2194 1851 2232 carmina
1871 2194 1978 2233 chori

276 2263 412 2314 parodi
442 2263 525 2302 loco
556 2264 692 2314 posita.
732 2264 883 2303 accedit
913 2265 987 2304 hoc
1016 2265 1181 2304 alterum
1204 2265 1308 2316 quod
1328 2264 1522 2303 interdum
1544 2265 1694 2304 cantica
1711 2276 1815 2303 nunc
1835 2265 1979 2304 maiora.

277 2346 381 2372 nunc
404 2334 551 2373 minora
582 2334 745 2373 choricis
769 2335 866 2385 ipsis
884 2336 997 2386 quasi
1016 2336 1208 2386 prooemia
1227 2335 1468 2387 antecedere,
1499 2335 1694 2374 interdum
1713 2335 1769 2374 eis
1789 2335 1901 2386 quasi
1918 2335 1978 2374 in-

279 2406 414 2444 stricta
444 2417 532 2444 esse
563 2406 772 2444 voluerunt
801 2410 938 2456 poetae
968 2407 1214 2455 recentiores,
1246 2410 1477 2457 anapaestos
1507 2406 1672 2444 dicimus
1702 2418 1726 2444 a
1756 2406 1976 2456 coryphaeo
2047 2403 2052 2408 ’

277 2476 469 2516 recitatos.
519 2477 567 2515 de
599 2477 740 2527 quibus
770 2478 923 2516 etiamsi
955 2490 1031 2516 non
1062 2477 1116 2516 ita
1147 2478 1270 2516 multa
1301 2477 1454 2516 tradere
1478 2489 1587 2526 nova,
1608 2482 1736 2515 tamen
1757 2476 1977 2516 accuratius

275 2558 487 2597 possumus
517 2548 661 2587 referre
693 2559 809 2598 quam
840 2548 913 2586 viri
943 2548 1002 2587 illi
1035 2548 1250 2587 doctissimi
1282 2548 1349 2599 qui
1380 2547 1580 2587 metricam
1611 2550 1735 2586 artem
1765 2559 1807 2586 se
1837 2547 1976 2587 docere

276 2618 509 2668 profitentur
539 2618 872 2670 (Rossb.-Westph.
888 2619 903 2643 2
935 2631 973 2670 p.
1004 2619 1103 2672 412,
1137 2619 1279 2659 Christ
1311 2631 1349 2669 p.
1371 2618 1483 2669 259).
1523 2618 1592 2657 sed
1622 2618 1688 2656 hic
1717 2629 1872 2668 quoque
1900 2618 1978 2657 nisi

276 2688 385 2738 prius
417 2689 606 2739 Aeschyli
636 2692 760 2729 artem
789 2689 1177 2742 consideraverimus,
1208 2690 1258 2728 de
1288 2690 1368 2728 illis
1398 2693 1503 2728 recte
1528 2688 1700 2727 iudicare
1731 2700 1806 2727 non
1836 2688 1976 2739 poteri-

277 2771 376 2809 mus,
409 2760 602 2811 siquidem
634 2761 740 2799 solus
772 2761 992 2810 Aeschylus
1023 2773 1099 2799 non
1131 2760 1258 2799 solum
1294 2760 1450 2811 parodis
1481 2760 1549 2799 sed
1580 2760 1696 2798 etiam
1729 2759 1900 2798 stasimis
1929 2771 1975 2798 ac

277 2830 440 2869 commis
485 2831 650 2870 subinde
692 2831 842 2870 addidit
884 2832 1095 2882 coryphaei
1138 2836 1380 2882 anapaestos.
1453 2834 1591 2880 agatur
1631 2830 1759 2880 priore
1800 2830 1884 2868 loco
1926 2829 1974 2868 de

276 2902 497 2952 anapaestis
528 2902 777 2941 stasimorum
820 2902 972 2954 (Suppl.
1006 2904 1089 2942 630
1132 2902 1239 2941 Pers.
1273 2903 1371 2941 548.
1405 2903 1487 2940 633
1521 2899 1628 2952 Sept.
1662 2901 1745 2940 832
1778 2898 1855 2949 Ag.
1887 2900 1970 2939 367
