2210 3340
945 253 1119 298 —425
1184 277 1238 281 —

234 376 458 424 paestorum
490 373 673 423 dochmii,
705 374 775 413 sed
794 386 858 412 ars
889 374 975 424 ipsa
997 373 1184 423 Aeschyli
1207 377 1268 412 est
1282 373 1324 422 1).
1372 374 1485 412 cuius
1509 374 1674 423 vestigia
1696 386 1738 413 se
1758 373 1952 425 pressisse

234 445 330 496 ipse.
351 445 561 496 Euripides
592 445 810 496 profitetur.
873 448 1006 484 exstat
1046 445 1163 494 enim,
1205 445 1264 483 uti
1295 445 1483 494 diximus,
1526 445 1565 483 in
1607 445 1826 496 antiquiore
1866 446 1952 484 eius

235 517 368 556 fabula
396 528 520 556 unum
551 521 726 566 systema
755 516 1047 567 anapaesticum
1081 516 1234 555 stasimi
1265 517 1350 555 loco
1382 516 1574 567 positum:

377 587 492 627 Med.
527 588 636 627 1081
671 591 762 638 post
798 588 858 626 ab.
898 587 1130 639 (paedagogi
1170 585 1228 641 et)
1269 588 1480 627 liberorum
1512 587 1692 638 Medeae,
1733 593 1824 628 ante
1863 589 1952 628 intr.

234 659 374 699 nuntii.
407 682 461 688 —
495 658 675 699 Creontis
705 659 786 698 filia
817 659 924 698 domi
954 660 1152 698 emoritur.

364 741 478 782 ‘quae
517 741 660 770 scaena
698 730 846 770 idcirco
884 743 1047 782 prorsus
1087 731 1227 770 similis
1267 731 1436 779 illarum,
1478 731 1570 782 quia
1610 732 1651 769 in
1692 732 1766 770 hac
1796 745 1954 783 quoque

234 801 301 854 qui
331 801 508 851 audiunt,
546 814 635 841 cum
673 802 752 841 iam
784 815 820 841 ν.
856 803 967 841 1003
1006 802 1181 853 reginam
1212 803 1413 854 accepisse
1443 803 1704 853 compererint
1735 804 1953 854 perniciosa

233 873 396 913 Medeae
426 872 538 924 dona,
581 874 786 925 suspensis
827 878 1060 925 exspectant
1099 874 1240 913 animis
1281 874 1375 925 quid
1415 875 1563 914 interea
1603 875 1643 913 in
1683 875 1793 925 regia
1822 880 1952 914 actum

234 945 296 985 sit.
319 967 375 974 —
397 945 586 996 Aeschyli
615 945 739 996 igitur
767 949 925 996 recepta
954 949 1038 987 arte
1067 946 1193 997 primo
1223 946 1309 996 ipse
1340 958 1497 997 quoque
1527 946 1786 997 anapaestiea,
1818 951 1953 997 postea

233 1016 460 1057 dochmiaca
489 1017 709 1068 composuit
739 1018 934 1068 astropha.

376 1128 500 1164 restat
540 1137 730 1176 quaerere
766 1137 861 1163 num
902 1125 1011 1164 casui
1051 1125 1224 1164 dandum
1256 1126 1309 1164 sit
1339 1126 1443 1177 quod
1474 1125 1579 1177 apud
1611 1124 1844 1175 Sophoclem
1875 1138 1952 1164 non

232 1196 486 1248 reperiuntur
516 1197 678 1236 stasima
707 1197 881 1247 strophis
912 1208 990 1236 non
1021 1197 1210 1236 distenta:
1244 1200 1287 1236 at
1317 1197 1415 1237 haec
1445 1197 1485 1236 in
1511 1201 1714 1248 posterum
1736 1197 1953 1236 differenda

233 1272 296 1308 est
326 1268 504 1319 quaestio
534 1266 599 1320 (ct.
630 1281 668 1319 p.
700 1269 784 1318 44).

1066 1436 1119 1475 II.

760 1541 832 1586 De
863 1542 1092 1586 stasimis
1123 1541 1425 1597 strophicis.

377 1650 659 1702 Progredimur
700 1651 749 1690 ad
789 1651 960 1704 stasima,
1003 1664 1104 1703 quae
1141 1652 1305 1691 alternis
1336 1655 1543 1691 cantantur
1575 1652 1756 1703 strophis,
1795 1652 1953 1703 propria

233 1722 449 1773 tragoediae
480 1721 660 1762 Graecae.
702 1723 910 1763 voluerunt
940 1724 1046 1762 enim
1078 1724 1151 1762 soli
1182 1728 1320 1774 poetae
1351 1724 1490 1774 tragici
1521 1727 1562 1763 et
1592 1724 1658 1775 qui
1691 1735 1847 1774 semper
1872 1725 1952 1763 fere

234 1794 306 1833 hos
349 1795 615 1845 sequebantur
656 1795 794 1834 comici
837 1795 1052 1835 carminum
1097 1796 1278 1846 strophas
1320 1795 1375 1834 ita
1419 1807 1462 1835 se
1505 1795 1690 1847 excipere
1733 1800 1778 1835 ut
1813 1796 1951 1835 eodem

234 1877 485 1906 numerorum
516 1866 798 1918 modorumque
829 1867 964 1906 ordine
995 1867 1054 1906 bis
1085 1868 1213 1918 posito
1239 1879 1384 1906 novum
1404 1868 1681 1919 insequeretur
1701 1867 1952 1919 stropharum

234 1950 306 1988 par
343 1938 457 1977 novis
490 1938 666 1977 numeris
705 1939 897 1990 novisque
937 1939 1174 1978 instructum
1214 1939 1353 1978 modis.
1415 1951 1517 1990 quae
1557 1939 1816 1990 componendi
1853 1939 1952 1978 ratio

233 2022 334 2062 quae
365 2011 565 2050 schemate
596 2011 853 2061 significanda.
884 2015 944 2050 est
974 2023 1032 2057 aa,
1073 2011 1132 2063 bb,
1170 2023 1264 2050 cc..
1280 2041 1312 2050 ..
1344 2011 1505 2050 aliunde
1545 2015 1636 2050 nota
1677 2023 1753 2050 non
1785 2014 1857 2060 est,
1899 2012 1951 2050 si·

233 2081 395 2133 quidem
427 2082 577 2122 Aeolici
613 2082 815 2134 Ionicique
846 2086 982 2134 poetae
1014 2094 1168 2133 semper
1201 2082 1328 2133 quoad
1361 2082 1506 2121 scimus
1535 2083 1736 2132 schemate
1767 2083 1828 2121 usi
1860 2086 1953 2122 sunt

233 2165 267 2203 a,
297 2166 332 2203 a,
363 2166 397 2203 a,
429 2153 544 2204 lyrici
574 2166 667 2193 vero
699 2153 886 2194 Graeciae
918 2154 1169 2193 occidentalis
1207 2167 1297 2193 cum
1335 2154 1404 2192 illo
1441 2154 1733 2205 simplicissimo
1764 2154 1950 2203 omnium,

233 2229 318 2264 tum
357 2237 404 2264 eo
444 2225 547 2277 quod
587 2229 723 2265 natum
762 2238 851 2265 esse
891 2238 943 2265 ex
982 2225 1051 2264 ino
1082 2229 1245 2275 constat,
1286 2226 1411 2265 triade
1453 2226 1702 2277 stropharum
1733 2226 1950 2265 identidem

232 2296 400 2348 repetita
420 2296 520 2349 (aab,
537 2297 624 2347 aab)
635 2297 683 2348 2);
717 2297 822 2336 unde
851 2301 980 2336 autem
1010 2301 1094 2336 orta
1113 2298 1175 2350 sit,
1197 2298 1326 2336 adhuc
1345 2298 1529 2336 nescitur.
1562 2298 1709 2336 etenim
1729 2297 1833 2349 quod
1856 2296 1950 2336 Alc-

234 2380 388 2408 manem
404 2369 603 2420 pepigisse
617 2369 737 2409 tradit
754 2369 992 2420 Hephaestio
1003 2369 1034 2420 ³)
1050 2369 1222 2408 carmina
1237 2369 1293 2408 ita
1309 2370 1492 2420 bipertita
1508 2374 1552 2408 ut
1569 2375 1754 2420 septenas
1771 2371 1951 2421 strophas

233 2452 258 2480 a
287 2440 621 2491 subsequerentur
640 2444 824 2492 septenae
848 2442 882 2490 b,
912 2441 989 2480 huc
1020 2453 1097 2480 non
1117 2441 1247 2480 facere
1267 2441 1516 2480 manifestum
1539 2444 1601 2480 est
1621 2453 1749 2492 neque
1767 2453 1814 2481 ea
1833 2454 1949 2492 quam

378 2545 409 2590 ¹)
435 2545 583 2581 Detsch.
610 2544 687 2591 (63)
725 2544 878 2591 Choeph.
907 2544 1082 2587 722-29,
1121 2544 1289 2580 855-68
1326 2555 1414 2591 quos
1440 2545 1639 2590 coryphaeo
1678 2545 1799 2580 tribuit
1839 2546 1947 2591 (vers.

235 2606 301 2651 Ag.
329 2605 422 2641 1330
447 2616 480 2651 q.
498 2615 526 2640 s.
553 2605 696 2640 omnino
721 2603 906 2650 neglectis)
932 2610 1070 2650 poetam
1096 2605 1336 2650 composuisse
1362 2604 1545 2640 existimat
1571 2605 1654 2650 quia
1678 2604 1757 2649 plus
1783 2607 1949 2650 quattuor

237 2664 381 2707 chorica
403 2665 447 2700 ad
471 2664 699 2701 dividendam
724 2663 879 2700 fabulam
919 2665 1083 2700 adhibere
1116 2664 1278 2701 noluerit.
1328 2666 1365 2700 at
1402 2664 1484 2710 quid
1505 2675 1606 2709 ‚eum
1643 2665 1867 2710 impediverit
1904 2676 1948 2700 ne

236 2723 392 2770 quinque
418 2727 644 2770 componeret
669 2724 737 2759 nisi
762 2725 873 2769 ipsius
899 2724 1038 2760 fabulae
1064 2724 1183 2760 actio?

380 2783 408 2827 ²)
433 2784 479 2818 cf.
505 2795 527 2829 p
563 2786 618 2820 45.

380 2844 408 2889 3)
433 2846 522 2891 περὶ
547 2857 631 2892 σημ.
660 2847 716 2888 74,
746 2847 786 2880 17
815 2845 960 2881 Consbr.
993 2844 1142 2892 ἔγραψε
1175 2843 1247 2892 γὰρ
1275 2843 1422 2887 ἐκεῖνος
1448 2843 1740 2891 δεκατεσσάρων
1767 2845 1949 2891 στροφῶν

236 2899 403 2950 ἄισματα
429 2895 501 2950 (ὧν
524 2904 650 2950 Bergk>
676 2903 721 2943 τὸ
745 2905 817 2951 μὲν
843 2899 959 2953 ἥμισυ
985 2906 1053 2942 toi>
1079 2901 1200 2941 αὐτοῦ
1225 2904 1369 2950 μέτρου
1396 2902 1575 2951 ἐποίησεν
1596 2903 1878 2951 ὲπτάστροφον,
1904 2905 1947 2943 τὸ

236 2963 278 3000 δὲ
303 2958 418 3011 (ἥμισυ
444 2962 588 3010 ἑτέρου.
