2210 3340
940 237 1229 278 —12-

238 352 452 391 secundum
484 352 746 393 Aristotelem.
806 358 847 393 at
878 355 1038 394 minima
1055 355 1124 394 illa
1147 356 1427 407 sententiisque
1444 357 1632 396 instructa
1664 357 1805 397 vilibus
1835 371 1935 410 quae

240 424 393 462 chor-ica
424 423 622 474 episodica
652 436 791 464 vocare
815 426 1087 465 consuevimus
1106 439 1285 478 quaeque
1304 427 1429 478 ipsius
1449 428 1612 467 actionis
1631 428 1785 467 fabulae
1803 433 1935 479 partes

239 494 440 533 ducendae
471 499 565 533 sunt
595 496 704 534 velut
723 495 816 535 Eur.
836 495 974 547 Suppl.
998 499 1079 536 918
1102 498 1219 548 Hipp.
1244 497 1319 538 961
1349 497 1486 537 Trach.
1509 499 1592 538 205
1616 499 1800 551 (Choeph.
1824 500 1934 551 153),

236 577 285 603 ne
316 565 566 604 conferantur
597 578 687 604 cum
719 567 929 606 maioribus
971 568 1068 606 illis·
1088 568 1229 619 quibus
1259 569 1459 618 tragoedia
1496 569 1537 607 in
1578 573 1705 609 certos
1745 570 1934 621 quosdam

237 635 458 686 disponitur
488 640 609 684 actus,
641 637 816 676 definitio
846 638 914 676 illa
946 638 1001 677 sic
1033 639 1249 689 supplenda
1274 643 1351 678 est:
1385 640 1587 678 Stasimum
1607 653 1791 680 vocamus
1809 641 1933 680 chori-

239 718 328 745 cum
360 706 530 756 lyricum
561 719 638 758 quo
669 708 731 747 vel
761 708 966 747 inchoatur
990 710 1121 748 fabula
1140 710 1202 748 vel
1222 710 1481 759 seiunguntur
1499 711 1730 750 histrionum
1750 711 1932 762 episodia.

378 955 568 994 hactenus
606 955 656 994 de
693 956 898 995 stasimo.
960 957 1156 1008 stropha
1187 960 1317 996 autem
1350 957 1444 1008 quid
1476 958 1540 1007 sit,
1577 958 1694 1009 paulo
1732 958 1931 998 difficilius

233 1025 386 1065 videtur
417 1038 504 1065 esse
534 1026 584 1065 ad
615 1027 900 1077 explicandum.

379 1096 428 1136 de
458 1109 534 1148 qua
565 1109 665 1148 quae
697 1098 748 1137 sit
778 1098 995 1137 communis
1025 1098 1093 1137 illa
1124 1098 1253 1149 opinio
1284 1099 1346 1138 his
1377 1099 1527 1138 duabus
1558 1111 1609 1138 ex
1640 1099 1843 1139 sententiis
1872 1100 1931 1139 in-

231 1166 438 1217 tellegitur.
502 1167 696 1207 Ghristius
739 1170 791 1220 (p.
826 1167 926 1218 617)
966 1169 1022 1208 sic
1059 1169 1232 1220 scripsit:
1281 1170 1370 1219 „auf
1412 1170 1499 1209 eine
1541 1170 1826 1210 orchestrische
1865 1171 1931 1210 be-

234 1237 411 1289 deutung
425 1269 433 1277 .
449 1269 457 1278 .
473 1269 481 1277 .
514 1239 628 1278 weist
658 1240 722 1278 die
751 1241 830 1279 alte
861 1240 1106 1290 verbindung
1135 1253 1211 1279 von
1246 1237 1406 1292 στροφή
1439 1241 1521 1279 und
1552 1237 1810 1293 ἀναστροφή
1836 1238 1932 1295 (qua

231 1309 281 1348 de
311 1310 434 1348 forma
464 1309 541 1348 vid.
573 1322 611 1360 p.
647 1310 718 1363 19)
751 1311 832 1359 hin,
864 1324 940 1350 von
972 1311 1148 1350 welchen
1180 1314 1350 1350 wortern
1380 1312 1451 1351 das
1481 1311 1570 1351 eine
1601 1312 1665 1351 die
1696 1311 1829 1364 ‘kehr',
1861 1312 1932 1352 das

234 1379 378 1419 andere
395 1380 459 1420 die
475 1379 724 1434 ‘gegenkehr'
747 1382 986 1422 bedeutete“.
1018 1383 1080 1421 cui
1097 1382 1333 1433 astipulatur
1352 1383 1553 1422 Kaibelius
1575 1382 1736 1434 (Elektr.
1754 1396 1791 1434 p.
1811 1383 1930 1434 287):

234 1450 322 1500 „die
354 1452 601 1502 strophische
631 1453 858 1503 responsion
890 1454 960 1492 der
990 1453 1229 1492 chorlieder.
1244 1483 1253 1492 .
1268 1484 1276 1493 .
1320 1455 1484 1493 beruht.
1500 1485 1508 1493 .
1523 1483 1544 1502 .,
1587 1454 1663 1493 wie
1705 1454 1775 1493 der
1817 1466 1931 1494 name

233 1518 397 1573 στροφή
443 1526 542 1573 sagt,
585 1525 653 1562 auf
695 1524 764 1563 der
800 1524 1100 1574 wiederholung
1139 1524 1328 1574 gewisser
1369 1525 1760 1575 tanzbewegungen“.
1798 1548 1852 1554 —
1891 1530 1932 1565 at

230 1593 325 1643 quid
355 1594 428 1632 hoc
450 1594 645 1644 significet
664 1592 797 1645 ‘kehr⁷,
830 1595 923 1646 quid
943 1595 1202 1645 ‘gegenkehr’,
1224 1608 1288 1634 me
1308 1596 1465 1646 quidem
1484 1596 1655 1635 nondum
1685 1596 1942 1636 intellexisse

230 1664 353 1703 libere
386 1665 523 1704 fateor.
578 1669 909 1705 convertunturne
940 1667 1148 1705 choreutae
1179 1670 1378 1705 cantantes
1410 1667 1608 1718 stropham
1638 1667 1688 1706 ad
1720 1664 1931 1709 scaenam?

229 1747 324 1773 num
354 1735 495 1774 iterum
528 1739 807 1776 convertuntur
837 1750 860 1775 a
891 1749 1031 1776 scaena
1061 1738 1110 1776 ad
1134 1738 1329 1776 theatrum
1350 1738 1560 1777 recitantes
1591 1735 1929 1789 ‘antistropham’P

228 1806 335 1845 aliud
369 1807 472 1844 enim
503 1807 633 1846 inesse
663 1809 703 1845 in
735 1808 864 1847 verbis
894 1808 973 1847 illis
1004 1806 1126 1847 ‘kehr’
1157 1812 1276 1858 atque
1310 1807 1558 1858 ‘gegenkehr'
1591 1821 1662 1859 ego
1692 1809 1927 1859 negaverim.

229 1899 287 1904 —
318 1877 450 1927 itaque
480 1878 578 1916 haec
608 1891 698 1917 cum
728 1891 867 1929 parum
898 1879 1103 1918 videantur
1133 1891 1220 1918 esse
1251 1880 1468 1930 perspicua,
1509 1880 1602 1931 quid
1642 1881 1693 1918 sit
1731 1879 1928 1932 traditum,

229 1948 495 1998 quaerendum
518 1952 588 1988 est.
650 1953 689 1987 at
713 1949 898 1988 traditum
919 1950 1017 1988 nihil
1042 1954 1112 1989 est.
1173 1963 1341 2002 namque
1373 1963 1472 2001 quae
1501 1951 1704 2001 proferunt
1734 1963 1928 2000 gramma·

232 2018 302 2057 tici
334 2017 484 2070 Graeci,
529 2020 689 2058 chorum
722 2020 950 2059 recitantem
982 2021 1182 2071 stropham
1225 2021 1275 2060 ad
1318 2021 1509 2069 dextram,
1552 2021 1837 2071 antistrophum
1879 2021 1928 2059 ad

231 2089 431 2128 sinistram
463 2102 505 2129 se
536 2091 714 2139 vertisse,
754 2091 851 2130 haec
881 2103 957 2129 non
988 2092 1115 2142 posita
1144 2104 1230 2130 esse
1261 2092 1301 2130 in
1332 2091 1566 2131 testimoniis
1597 2092 1829 2142 scriptorum
1859 2093 1928 2143 qui

230 2160 307 2211 ipsi
338 2161 500 2199 chorum
533 2162 726 2211 tragicum
757 2162 962 2201 saltantem
994 2169 1293 2213 conspexerunt,
1335 2163 1405 2202 sed
1436 2175 1575 2202 vocum
1614 2162 1768 2201 illarum
1806 2163 1926 2202 inter-

228 2231 444 2281 pretatione
476 2233 613 2271 effecta
644 2244 729 2271 esse
759 2234 808 2271 ab
839 2233 936 2283 ipsis
967 2233 1048 2272 illis
1077 2234 1356 2283 grammaticis,
1388 2245 1504 2273 nemo
1535 2234 1693 2283 negabit
1723 2233 1792 2284 qui
1807 2233 1923 2272 Crusi

228 2302 370 2351 legerit
400 2303 761 2342 commentationem
779 2316 909 2354 *quam
945 2304 1148 2355 inscripsit
1191 2304 1449 2343 ‘Stesichorus
1492 2304 1572 2343 und
1612 2304 1674 2343 die
1717 2303 1926 2355 epodische

224 2371 500 2423 komposition’
535 2373 768 2424 (Comment.
800 2375 1028 2414 Ribbekian.
1060 2388 1098 2425 p.
1123 2376 1175 2425 9),
1213 2388 1450 2426 quamquam
1490 2388 1539 2413 an
1580 2379 1688 2414 recte
1719 2374 1925 2414 Claudium

227 2443 507 2493 Ptolemaeum,
538 2445 829 2494 Pythagoreum
862 2446 957 2484 mihi
989 2446 1149 2496 quidem
1181 2446 1436 2498 carissimum,
1468 2446 1584 2484 huius
1609 2446 1805 2485 doctrinae
1834 2458 1925 2485 auc-

228 2518 354 2553 torem
385 2514 504 2554 ducat
543 2515 711 2554 dubitari
754 2521 883 2566 potest
894 2516 935 2566 1).
997 2517 1068 2555 sed
1111 2529 1200 2555 cum
1243 2529 1293 2556 ne
1324 2517 1486 2556 Crusius
1526 2517 1683 2567 quidem
1726 2529 1800 2556 acu
1840 2528 1925 2556 rem

225 2585 402 2635 tetigisse
433 2586 612 2625 videatur
643 2587 710 2637 qui
742 2584 970 2638 ιστροφήν’,
1013 2587 1119 2626 idem
1149 2588 1233 2626 fere
1257 2600 1303 2626 ac
1330 2584 1529 2638 ιτρόπον’,
1563 2587 1783 2637 significare
1810 2591 1925 2638 putat

228 2656 364 2695 modos
395 2657 458 2695 vel
490 2657 736 2706 cantilenam,
768 2658 879 2696 nobis
910 2658 1008 2708 ipsis
1039 2671 1132 2696 num
1170 2658 1265 2709 quid
1301 2658 1408 2697 effici
1443 2657 1567 2709 possit
1604 2659 1667 2697 vel
1695 2658 1925 2709 interpreta-

346 2806 374 2851 1)
401 2806 484 2841 olim
509 2807 642 2842 conieci
669 2807 858 2853 Didymum
877 2808 943 2842 hoc
960 2807 1169 2843 ementitum
1195 2818 1272 2843 esse
1297 2809 1400 2853 (quae
1418 2807 1588 2844 Schmidti
1613 2807 1768 2853 (Didym.
1788 2818 1822 2853 p.
1841 2807 1925 2851 396)

227 2865 345 2900 fuerat
370 2866 557 2910 sententia)
583 2866 644 2911 qui
669 2866 706 2900 in
731 2866 818 2902 libro
845 2877 949 2911 quem
982 2867 1126 2911 scripsit
1161 2870 1247 2914 περὶ
1283 2868 1450 2914 λυρικῶν
1486 2868 1658 2915 ποιητῶν
1698 2866 1924 2912 etymologias

226 2923 319 2958 dedit
343 2935 487 2960 vocum:
515 2922 655 2972 ἔλεγος,
680 2920 813 2971 tavae,
838 2927 1079 2972 προσωιδίαι,
1104 2926 1263 2970 παιᾶνες
1287 2925 1330 2962 al.
1357 2926 1538 2971 (Schmidt.
1554 2938 1587 2972 p.
1602 2927 1670 2962 387
1697 2937 1730 2972 q.
1755 2927 1810 2971 s.)-
