2210 3340
925 230 1221 272 „43-

214 353 308 390 ante
357 349 593 390 Phoenissae
643 353 754 390 actae
804 354 898 389 sunt
948 350 1027 389 duo
1089 350 1253 390 exhibet
1306 350 1468 389 stasima
1530 350 1698 400 singulis
1741 350 1934 390 triadibus

217 421 438 462 constantia
450 421 496 474 1).

361 517 433 557 sed
459 516 536 556 alia
556 529 714 568 quoque
735 517 886 556 ratione
907 517 1084 556 numeris
1103 517 1223 556 taedii
1242 517 1372 568 plenis
1392 517 1582 567 neglectis
1601 518 1806 557 ostendere
1826 518 1936 556 iuvat

216 587 448 640 Euripidem
499 588 650 627 ultimis
701 589 818 628 annis
864 588 1015 628 minora
1058 601 1222 628 numero
1267 589 1428 640 quidem
1472 589 1720 640 stropharum
1763 589 1937 628 carmina

216 660 390 711 'pangere
418 659 619 699 maluisse.
681 660 820 711 tragici
847 659 986 700 Graeci
1016 660 1122 699 enim
1146 673 1238 699 cum
1257 660 1479 710 Aeschylea
1498 661 1760 711 componendi
1786 660 1936 699 ratione

217 731 440 789 submutata
471 731 536 770 vel
566 731 617 770 ad
650 731 901 771 minimorum
936 732 1185 782 stropharum
1207 744 1460 771 numerorum
1481 732 1634 771 cantica
1652 732 1936 783 compingenda

216 804 476 851 verterentur,
513 806 646 842 tamen
686 803 815 854 legem
856 803 929 843 sibi
967 803 1044 855 ipsi
1084 803 1372 843 constituerunt
1409 816 1460 843 ne
1492 803 1630 854 quovis
1666 803 1820 843 fabulae
1851 804 1936 842 loco

214 885 262 913 ea
291 877 500 925 ponerent;
532 876 811 926 monostropha
842 875 949 914 enim
982 875 1042 927 (ut
1072 875 1263 914 tralaticio
1293 878 1453 914 utamur
1484 876 1602 915 verbo
1627 887 1704 926 quo
1725 887 1795 914 nos
1816 875 1936 925 signi-

215 945 325 984 ficari
362 945 545 985 volumus
582 947 732 986 cantica
764 947 931 997 singulis
969 947 1119 998 stroph.
1150 948 1311 998 paribus
1342 947 1589 998 constantia),
1620 947 1783 998 perinde
1820 950 1937 997 atque

188 1070 190 1072 v
214 1017 402 1068 astropha
431 1016 653 1069 Euripides,
684 1030 761 1057 non
793 1022 1011 1069 posuerunt
1042 1019 1195 1058 stasimi
1225 1019 1311 1058 loco
1342 1019 1418 1058 nisi

437 1128 473 1164 1.
505 1132 616 1165 ante
660 1139 879 1166 scaenam
920 1127 1258 1167 commaticam.
1321 1129 1440 1178 Antg.
1477 1128 1557 1166 781
1593 1127 1653 1166 ΕΙ.
1690 1127 1802 1166 1384
1835 1126 1939 1176 (ante

362 1325 390 1370 ¹)
417 1323 538 1360 Ionem
571 1325 710 1361 doctam
736 1336 815 1361 esse
841 1328 920 1372 post
944 1326 1098 1362 Troades
1123 1327 1222 1372 (415)
1260 1337 1305 1362 ex
1338 1337 1465 1372 magno
1500 1326 1684 1371 longarum
1720 1325 1936 1370 syllabarum

216 1383 432 1420 solutionum
462 1395 612 1420 numero
646 1384 817 1421 conclusit
847 1386 1079 1422 Enthovenus
1113 1387 1171 1432 (de
1197 1386 1284 1422 Ione
1319 1385 1392 1422 fab.
1418 1397 1452 1431 p.
1481 1387 1522 1421 11
1550 1397 1583 1432 q.
1604 1386 1650 1432 s),
1681 1385 1816 1421 ultimis
1847 1386 1939 1421 tem-

216 1443 362 1489 poribus
386 1443 556 1480 tribuitur
589 1446 626 1480 et
657 1445 743 1480 artis
778 1446 991 1481 dramaticae
1025 1447 1143 1492 specie
1178 1447 1240 1492 (cf.
1267 1446 1352 1481 Wil.
1379 1446 1437 1482 Gr.
1463 1446 1520 1482 Tr.
1548 1445 1601 1482 ΙΙΙ
1627 1445 1696 1482 295
1712 1446 1740 1490 ¹)
1776 1447 1812 1480 et
1845 1446 1936 1491 quod

216 1504 416 1540 tetrametri
441 1504 608 1540 trochaici
633 1505 747 1541 tribus
773 1506 808 1540 in
835 1506 972 1541 scaenis
998 1506 1094 1551 (510.
1123 1506 1226 1542 1250.
1255 1506 1363 1551 1606)
1388 1506 1557 1552 leguntur
1581 1506 1643 1552 (cf.
1662 1505 1744 1540 Wil.
1771 1505 1857 1541 Her.
1883 1505 1937 1551 1²,

218 1563 324 1610 145);
348 1564 483 1600 accedit
508 1565 602 1610 quod
626 1565 790 1600 monodia
813 1565 926 1611 lyrica
950 1570 1032 1602 ante
1058 1567 1229 1611 parodum
1249 1566 1348 1601 chon·
1364 1576 1435 1602 non
1452 1566 1635 1601 invenitur
1654 1565 1723 1601 nisi
1742 1567 1778 1600 in
1798 1564 1939 1601 Electra

214 1623 329 1674 (413),
354 1623 487 1660 Phoen.
513 1624 695 1670 (411—9),
721 1625 818 1660 Ione.
853 1645 897 1651 —
923 1627 960 1661 at
994 1625 1201 1672 obstrepere
1232 1626 1375 1661 videtur
1398 1626 1582 1661 Minervae
1616 1625 1770 1671 epilogus
1802 1625 1838 1660 in
1870 1636 1938 1670 quo

217 1682 380 1719 affirmat
405 1683 510 1719 Iones
536 1683 607 1722 σὺν
631 1684 779 1732 χρόνωι
803 1685 1061 1733 πεπρωμένωι
1087 1685 1272 1731 Clyclades
1298 1684 1443 1728 insulas,
1469 1696 1565 1721 oram
1586 1685 1802 1720 maritimam
1819 1684 1936 1729 Asiae,

217 1752 257 1778 os
281 1742 387 1778 Ponti
419 1745 652 1789 occupaturos
692 1737 714 1781 ὃ
753 1745 893 1789 σθένος
930 1739 1049 1793 τῆμῆι
1085 1747 1203 1793 χθονὶ
1242 1747 1410 1791 δίδωσιν,
1447 1746 1576 1781 Ionum
1615 1755 1677 1790 pro
1714 1745 1938 1780 Achaeorum

216 1801 514 1848 Doriensiumque
554 1803 732 1849 praedicat
774 1804 991 1850 progeniem.
1049 1805 1170 1851 itaque
1215 1805 1508 1841 Wilamowitzius
1559 1805 1697 1850 (Herm.
1734 1804 1790 1850 18,
1832 1803 1937 1848 242);

219 1862 277 1898 ein
301 1862 460 1898 sicherer
483 1863 657 1899 terminus
683 1870 769 1899 ante
794 1875 901 1909 quem
927 1865 1002 1910 (ist)
1027 1865 1092 1900 der
1116 1865 1439 1901 zusammenbruch
1473 1865 1536 1900 des
1570 1865 1726 1909 reiches3
1759 1864 1855 1900 denn
1881 1864 1937 1899 die

217 1921 483 1968 prophezeiung
500 1922 675 1965 Athenas,
701 1923 834 1959 welche
859 1924 915 1960 die
934 1925 1053 1960 Ionier
1078 1924 1130 1961 als
1155 1925 1412 1960 nachkommen
1431 1925 1526 1969 lons,
1553 1924 1668 1960 Dorer
1685 1925 1760 1960 und
1777 1924 1939 1960 Achaeer

217 1981 270 2018 als
295 1981 439 2018 niedere
463 1992 546 2018 race
571 1982 773 2026 behandelt,
808 1983 855 2019 ist
878 1983 971 2019 nach
996 1984 1124 2019 winter
1147 1983 1281 2031 413s12
1317 1984 1456 2020 einfach
1492 1984 1711 2020 undenkbar.
1751 2005 1796 2010 -—
1831 1983 1939 2029 igitur

217 2043 301 2078 ante
325 2041 478 2078 Troadas
495 2042 621 2078 Ionem
646 2046 759 2078 actam
786 2043 883 2079 ducit
906 2044 981 2089 (Gr.
998 2044 1054 2079 Tr.
1075 2044 1131 2080 III
1156 2043 1178 2079 1.
1198 2044 1238 2086 1.)
1265 2044 1359 2080 sicut
1377 2044 1619 2080 Dieterichius
1636 2043 1740 2089 (PW.
1760 2055 1794 2089 p.
1818 2042 1937 2088 1259).

220 2102 258 2136 at
284 2101 376 2137 hanc
401 2103 536 2137 rectam
564 2112 643 2138 esse
667 2103 880 2139 sententiam
920 2114 984 2149 ego
1021 2104 1220 2149 praefracte
1258 2115 1359 2150 nego.
1400 2125 1444 2130 —
1482 2104 1594 2139 audeo
1632 2104 1739 2140 etiam
1776 2102 1940 2139 hariolari

218 2162 328 2207 atque
354 2161 515 2206 proferre
540 2161 780 2198 coniecturam
806 2173 911 2208 quam
937 2163 1096 2199 stabilire
1114 2164 1272 2199 nondum
1291 2163 1401 2209 potui.
1451 2162 1650 2199 Alcibiades
1676 2163 1759 2199 olim
1784 2162 1940 2198 amicitia

218 2231 302 2257 cum
326 2220 495 2267 Euripide
519 2221 738 2264 coniunctus,
763 2222 795 2258 si
820 2224 983 2258 tenemus
1009 2224 1103 2269 quod
1128 2223 1298 2259 traditum
1324 2226 1379 2259 est
1410 2224 1471 2268 (cf.
1498 2223 1587 2259 PW.
1617 2224 1719 2260 1247.
1748 2222 1868 2267 1269),
1894 2223 1939 2258 ad

217 2280 385 2327 Abydum
410 2280 496 2316 vicit
520 2281 603 2327 411,
628 2292 750 2318 mense
775 2282 902 2319 Martio
936 2285 1019 2319 anni
1046 2284 1118 2320 410
1143 2283 1188 2319 ad
1213 2283 1401 2329 Cyzicum3
1432 2283 1571 2329 oppidis
1596 2283 1724 2329 Cyzico
1751 2282 1939 2318 Perintho-

218 2351 289 2387 que
313 2340 351 2376 in
375 2340 652 2377 Atheniensium
675 2341 865 2388 imperium
892 2343 1047 2379 redactis
1073 2342 1282 2390 Chrysopoli
1306 2343 1491 2389 vectigalia
1524 2343 1719 2388 poscebant
1743 2353 1764 2379 a
1788 2342 1939 2380 navibus

219 2410 265 2436 ex
289 2400 402 2437 Ponto
428 2400 619 2437 evecturis.
671 2402 795 2437 eodem
833 2413 926 2438 auno
958 2403 1072 2438 Endio
1106 2403 1221 2448 legato
1256 2413 1278 2438 a
1311 2403 1599 2439 Lacedaemoniis
1635 2403 1795 2439 Athenas
1830 2402 1938 2437 misso

218 2461 260 2496 ut
283 2460 328 2496 de
346 2470 432 2506 pace
456 2461 590 2506 ageret,
616 2460 666 2496 illi
685 2460 823 2498 laetitia
838 2462 940 2508 quasi
956 2464 1140 2499 tumentes
1165 2473 1287 2508 pacem
1314 2462 1513 2509 reppulere,
1539 2473 1622 2498 cum
1638 2464 1825 2509 sperarent
1850 2462 1938 2497 duce

218 2518 399 2556 Alcibiade
423 2530 463 2556 se
488 2521 606 2556 omnia
631 2523 903 2567 recuperaturos
929 2533 1020 2569 quae
1046 2522 1249 2559 amiserant.
1300 2524 1407 2569 atque
1439 2525 1544 2559 aucta
1568 2524 1623 2558 est
1647 2533 1728 2569 spes
1754 2533 1837 2558 cum
1862 2521 1938 2567 ipse

219 2580 462 2616 reverteretur
486 2590 578 2616 anno
602 2581 684 2617 408.
730 2592 846 2617 nonne
872 2582 955 2618 fieri
990 2583 1130 2628 poterat
1162 2584 1203 2618 ut
1228 2593 1248 2618 e
1283 2582 1419 2619 laetitia
1451 2593 1627 2619 annorum
1651 2583 1734 2629 411,
1760 2581 1842 2627 410,
1868 2580 1938 2617 409

218 2637 364 2684 longum
389 2640 470 2685 post
494 2641 636 2686 tempus
662 2642 874 2678 resuscitata
906 2644 1116 2678 nasceretur
1140 2642 1239 2678 Ionis
1274 2641 1458 2688 epilogus?
1506 2653 1578 2678 non
1612 2642 1695 2678 fieri
1730 2643 1866 2687 poterat
1898 2642 1940 2676 ut

219 2700 324 2743 poeta
346 2709 458 2734 senex
481 2698 614 2745 aliquid
644 2700 728 2736 novi
765 2701 874 2746 atque
912 2702 1075 2747 prosperi
1108 2698 1322 2737 eventurum
1361 2712 1440 2737 esse
1477 2702 1613 2747 patriae
1651 2702 1813 2747 speraret
1849 2701 1939 2736 duce

220 2757 430 2794 Alcibiade?
454 2758 617 2804 suspicor
641 2759 749 2805 igitur
773 2770 866 2796 anno
890 2761 963 2797 410
987 2761 1047 2797 vel
1071 2761 1142 2798 409
1168 2761 1311 2807 (quibus
1330 2772 1360 2797 c.
1382 2761 1484 2797 annis
1504 2763 1629 2807 ectypa
1648 2761 1816 2797 Victoriis
1834 2770 1939 2796 exor-

218 2823 305 2854 nata
336 2817 433 2854 infra
463 2817 642 2854 Victoriae
675 2819 712 2854 in
749 2819 914 2866 Acropoli
949 2821 1055 2856 aedos
1096 2821 1289 2856 constituta
1328 2831 1409 2857 esse
1447 2821 1645 2856 rectissime
1680 2820 1762 2856 olim
1789 2820 1940 2856 coniecit

218 2877 357 2913 Kekule
400 2876 613 2914 Balustrade
645 2878 709 2914 des
734 2879 896 2925 Tempels
930 2880 995 2916 der
1019 2879 1272 2916 Athena-Nike
1309 2880 1418 2926 1869)
1443 2882 1630 2926 postquam
1658 2880 1940 2926 repudiaverunt

222 2937 460 2974 Athenienses
486 2937 704 2974 conditiones
729 2939 971 2985 aequissimas,
997 2940 1138 2976 doctam
1164 2950 1243 2976 esse
1268 2940 1402 2976 Ionem.
