<?xml version="1.0" encoding="UTF-8"?>
<!DOCTYPE html PUBLIC "-//W3C//DTD XHTML 1.0 Transitional//EN"
    "http://www.w3.org/TR/xhtml1/DTD/xhtml1-transitional.dtd">
<html xmlns="http://www.w3.org/1999/xhtml" xml:lang="en" lang="en">
 <head>
  <title>
</title>
<meta http-equiv="Content-Type" content="text/html;charset=utf-8" />
  <meta name='ocr-system' content='tesseract 3.04.00' />
  <meta name='ocr-capabilities' content='ocr_page ocr_carea ocr_par ocr_line ocrx_word'/>
</head>
<body>
  <div class='ocr_page' id='page_1' title='image "./deformastasimi00kranuoft_0042.png"; bbox 0 0 2210 3340; ppageno 0'>
   <div class='ocr_carea' id='block_1_1' title="bbox 963 221 1255 264">
    <p class='ocr_par' dir='ltr' id='par_1_1' title="bbox 963 221 1255 264">
     <span class='ocr_line' id='line_1_1' title="bbox 963 221 1255 264; baseline 0 -13"><span class='ocrx_word' id='word_1_1' title='bbox 963 221 1255 264; x_wconf 74' lang='lat'>-40-</span> 
     </span>
    </p>
   </div>
   <div class='ocr_carea' id='block_1_2' title="bbox 254 338 1962 1551">
    <p class='ocr_par' dir='ltr' id='par_1_2' title="bbox 259 338 1962 957">
     <span class='ocr_line' id='line_1_2' title="bbox 262 338 1959 394; baseline 0.003 -17"><span class='ocrx_word' id='word_1_2' title='bbox 262 341 352 389; x_wconf 85' lang='lat' dir='ltr'>apte</span> <span class='ocrx_word' id='word_1_3' title='bbox 382 338 582 378; x_wconf 81' lang='lat' dir='ltr'>clauderet</span> <span class='ocrx_word' id='word_1_4' title='bbox 610 342 780 390; x_wconf 80' lang='lat' dir='ltr'>apteque</span> <span class='ocrx_word' id='word_1_5' title='bbox 808 343 1027 379; x_wconf 86' lang='lat' dir='ltr'>conecteret</span> <span class='ocrx_word' id='word_1_6' title='bbox 1056 352 1147 380; x_wconf 85' lang='lat' dir='ltr'>cum</span> <span class='ocrx_word' id='word_1_7' title='bbox 1177 340 1328 391; x_wconf 86' lang='lat' dir='ltr'>dialogo</span> <span class='ocrx_word' id='word_1_8' title='bbox 1359 341 1508 380; x_wconf 84' lang='lat' dir='ltr'>cantica</span> <span class='ocrx_word' id='word_1_9' title='bbox 1539 341 1733 394; x_wconf 82' lang='lat' dir='ltr'>cingente,</span> <span class='ocrx_word' id='word_1_10' title='bbox 1762 341 1959 383; x_wconf 87' lang='lat' dir='ltr'>interdum</span> 
     </span>
     <span class='ocr_line' id='line_1_3' title="bbox 262 408 1958 463; baseline 0.004 -16"><span class='ocrx_word' id='word_1_11' title='bbox 262 408 429 459; x_wconf 89' lang='lat' dir='ltr'>epodum</span> <span class='ocrx_word' id='word_1_12' title='bbox 459 410 522 448; x_wconf 89' lang='lat' dir='ltr'>vel</span> <span class='ocrx_word' id='word_1_13' title='bbox 552 410 670 449; x_wconf 88' lang='lat' dir='ltr'>etiam</span> <span class='ocrx_word' id='word_1_14' title='bbox 700 413 884 461; x_wconf 88' lang='lat' dir='ltr'>quartum</span> <span class='ocrx_word' id='word_1_15' title='bbox 914 412 1161 462; x_wconf 84' lang='lat' dir='ltr'>stropharum</span> <span class='ocrx_word' id='word_1_16' title='bbox 1193 424 1264 463; x_wconf 90' lang='lat' dir='ltr'>par</span> <span class='ocrx_word' id='word_1_17' title='bbox 1282 411 1445 462; x_wconf 82' lang='lat' dir='ltr'>adiecit3</span> <span class='ocrx_word' id='word_1_18' title='bbox 1477 412 1675 451; x_wconf 89' lang='lat' dir='ltr'>interdum</span> <span class='ocrx_word' id='word_1_19' title='bbox 1696 424 1787 452; x_wconf 86' lang='lat' dir='ltr'>vero</span> <span class='ocrx_word' id='word_1_20' title='bbox 1806 413 1958 454; x_wconf 82' lang='lat' dir='ltr'>chorica</span> 
     </span>
     <span class='ocr_line' id='line_1_4' title="bbox 261 480 1962 535; baseline 0.003 -17"><span class='ocrx_word' id='word_1_21' title='bbox 261 491 337 518; x_wconf 91' lang='lat' dir='ltr'>non</span> <span class='ocrx_word' id='word_1_22' title='bbox 370 480 465 519; x_wconf 86' lang='lat' dir='ltr'>satis</span> <span class='ocrx_word' id='word_1_23' title='bbox 494 481 648 531; x_wconf 89' lang='lat' dir='ltr'>prolixa</span> <span class='ocrx_word' id='word_1_24' title='bbox 679 493 766 520; x_wconf 90' lang='lat' dir='ltr'>esse</span> <span class='ocrx_word' id='word_1_25' title='bbox 794 485 902 521; x_wconf 89' lang='lat' dir='ltr'>ratus</span> <span class='ocrx_word' id='word_1_26' title='bbox 935 482 1187 532; x_wconf 88' lang='lat' dir='ltr'>amplificavit</span> <span class='ocrx_word' id='word_1_27' title='bbox 1216 495 1261 522; x_wconf 91' lang='lat' dir='ltr'>eo</span> <span class='ocrx_word' id='word_1_28' title='bbox 1292 483 1396 534; x_wconf 91' lang='lat' dir='ltr'>quod</span> <span class='ocrx_word' id='word_1_29' title='bbox 1426 486 1493 522; x_wconf 86' lang='lat' dir='ltr'>aut</span> <span class='ocrx_word' id='word_1_30' title='bbox 1518 483 1721 522; x_wconf 87' lang='lat' dir='ltr'>subiunxit</span> <span class='ocrx_word' id='word_1_31' title='bbox 1749 486 1818 523; x_wconf 88' lang='lat' dir='ltr'>aut</span> <span class='ocrx_word' id='word_1_32' title='bbox 1846 496 1962 535; x_wconf 78' lang='lat' dir='ltr'>prae·</span> 
     </span>
     <span class='ocr_line' id='line_1_5' title="bbox 261 540 1961 604; baseline 0.004 -16"><span class='ocrx_word' id='word_1_33' title='bbox 261 550 367 589; x_wconf 82' lang='lat' dir='ltr'>misit</span> <span class='ocrx_word' id='word_1_34' title='bbox 397 551 567 590; x_wconf 88' lang='lat' dir='ltr'>carmina</span> <span class='ocrx_word' id='word_1_35' title='bbox 598 552 744 603; x_wconf 90' lang='lat' dir='ltr'>stroph.</span> <span class='ocrx_word' id='word_1_36' title='bbox 774 552 926 603; x_wconf 89' lang='lat' dir='ltr'>parium</span> <span class='ocrx_word' id='word_1_37' title='bbox 950 553 987 592; x_wconf 88' lang='grc'>2.</span> <span class='ocrx_word' id='word_1_38' title='bbox 1047 556 1165 604; x_wconf 89' lang='lat' dir='ltr'>atque</span> <span class='ocrx_word' id='word_1_39' title='bbox 1195 554 1270 593; x_wconf 91' lang='grc'><strong>1130</strong></span> <span class='ocrx_word' id='word_1_40' title='bbox 1300 540 1555 604; x_wconf 87' lang='lat' dir='ltr'>componendi</span> <span class='ocrx_word' id='word_1_41' title='bbox 1584 555 1733 594; x_wconf 89' lang='lat' dir='ltr'>ratione</span> <span class='ocrx_word' id='word_1_42' title='bbox 1763 558 1848 595; x_wconf 89' lang='lat' dir='ltr'>orta</span> <span class='ocrx_word' id='word_1_43' title='bbox 1865 558 1961 595; x_wconf 87' lang='lat' dir='ltr'>sunt</span> 
     </span>
     <span class='ocr_line' id='line_1_6' title="bbox 261 621 1960 677; baseline 0.004 -18"><span class='ocrx_word' id='word_1_44' title='bbox 261 621 433 671; x_wconf 74' lang='lat' dir='ltr'>stasim,</span> <span class='ocrx_word' id='word_1_45' title='bbox 477 623 627 672; x_wconf 88' lang='lat' dir='ltr'>commi,</span> <span class='ocrx_word' id='word_1_46' title='bbox 669 623 964 673; x_wconf 87' lang='lat' dir='ltr'>epirrhematica</span> <span class='ocrx_word' id='word_1_47' title='bbox 1002 624 1162 674; x_wconf 89' lang='lat' dir='ltr'>paribus</span> <span class='ocrx_word' id='word_1_48' title='bbox 1195 626 1219 664; x_wconf 89' lang='lat'>5</span> <span class='ocrx_word' id='word_1_49' title='bbox 1262 625 1488 673; x_wconf 88' lang='lat' dir='ltr'>constantia,</span> <span class='ocrx_word' id='word_1_50' title='bbox 1527 625 1601 664; x_wconf 89' lang='lat' dir='ltr'>hac</span> <span class='ocrx_word' id='word_1_51' title='bbox 1638 626 1807 676; x_wconf 87' lang='lat' dir='ltr'>parodus</span> <span class='ocrx_word' id='word_1_52' title='bbox 1836 626 1960 677; x_wconf 66' lang='lat' dir='ltr'>Pers„</span> 
     </span>
     <span class='ocr_line' id='line_1_7' title="bbox 261 692 1956 748; baseline 0.003 -17"><span class='ocrx_word' id='word_1_53' title='bbox 261 692 335 731; x_wconf 86' lang='lat' dir='ltr'>hac</span> <span class='ocrx_word' id='word_1_54' title='bbox 377 692 543 744; x_wconf 89' lang='lat' dir='ltr'>denique</span> <span class='ocrx_word' id='word_1_55' title='bbox 584 694 771 744; x_wconf 88' lang='lat' dir='ltr'>perlonga</span> <span class='ocrx_word' id='word_1_56' title='bbox 812 694 880 733; x_wconf 88' lang='lat' dir='ltr'>illa</span> <span class='ocrx_word' id='word_1_57' title='bbox 922 696 1104 744; x_wconf 87' lang='lat' dir='ltr'>carmina,</span> <span class='ocrx_word' id='word_1_58' title='bbox 1151 695 1286 746; x_wconf 90' lang='lat' dir='ltr'>parodi</span> <span class='ocrx_word' id='word_1_59' title='bbox 1328 696 1401 745; x_wconf 88' lang='lat' dir='ltr'>Ag.</span> <span class='ocrx_word' id='word_1_60' title='bbox 1446 695 1596 747; x_wconf 69' lang='lat' dir='ltr'>Suppl„</span> <span class='ocrx_word' id='word_1_61' title='bbox 1642 697 1794 736; x_wconf 90' lang='lat' dir='ltr'>exodus</span> <span class='ocrx_word' id='word_1_62' title='bbox 1836 696 1956 748; x_wconf 65' lang='lat' dir='ltr'>Pers„</span> 
     </span>
     <span class='ocr_line' id='line_1_8' title="bbox 260 763 1960 816; baseline 0.004 -15"><span class='ocrx_word' id='word_1_63' title='bbox 260 774 435 802; x_wconf 91' lang='lat' dir='ltr'>commus</span> <span class='ocrx_word' id='word_1_64' title='bbox 466 763 650 815; x_wconf 86' lang='lat' dir='ltr'>Choeph.,</span> <span class='ocrx_word' id='word_1_65' title='bbox 681 777 783 816; x_wconf 89' lang='lat' dir='ltr'>quae</span> <span class='ocrx_word' id='word_1_66' title='bbox 813 766 991 815; x_wconf 85' lang='lat' dir='ltr'>quamvis</span> <span class='ocrx_word' id='word_1_67' title='bbox 1021 766 1151 816; x_wconf 91' lang='lat' dir='ltr'>ampla</span> <span class='ocrx_word' id='word_1_68' title='bbox 1179 769 1298 816; x_wconf 85' lang='lat' dir='ltr'>atque</span> <span class='ocrx_word' id='word_1_69' title='bbox 1321 766 1428 805; x_wconf 87' lang='lat' dir='ltr'>varia</span> <span class='ocrx_word' id='word_1_70' title='bbox 1449 766 1528 805; x_wconf 89' lang='lat' dir='ltr'>sint</span> <span class='ocrx_word' id='word_1_71' title='bbox 1546 767 1745 806; x_wconf 89' lang='lat' dir='ltr'>modorum</span> <span class='ocrx_word' id='word_1_72' title='bbox 1779 780 1960 807; x_wconf 83' lang='lat' dir='ltr'>numero-</span> 
     </span>
     <span class='ocr_line' id='line_1_9' title="bbox 259 835 1958 887; baseline 0.003 -15"><span class='ocrx_word' id='word_1_73' title='bbox 259 845 426 884; x_wconf 90' lang='lat' dir='ltr'>sumque</span> <span class='ocrx_word' id='word_1_74' title='bbox 457 835 577 885; x_wconf 86' lang='lat' dir='ltr'>copia,</span> <span class='ocrx_word' id='word_1_75' title='bbox 608 838 738 874; x_wconf 87' lang='lat' dir='ltr'>tamen</span> <span class='ocrx_word' id='word_1_76' title='bbox 769 836 956 886; x_wconf 88' lang='lat' dir='ltr'>disposita</span> <span class='ocrx_word' id='word_1_77' title='bbox 986 839 1077 875; x_wconf 88' lang='lat' dir='ltr'>sunt</span> <span class='ocrx_word' id='word_1_78' title='bbox 1100 849 1123 875; x_wconf 88' lang='lat' dir='ltr'>a</span> <span class='ocrx_word' id='word_1_79' title='bbox 1147 840 1261 887; x_wconf 90' lang='lat' dir='ltr'>poeta</span> <span class='ocrx_word' id='word_1_80' title='bbox 1291 837 1505 876; x_wconf 90' lang='lat' dir='ltr'>secundum</span> <span class='ocrx_word' id='word_1_81' title='bbox 1524 849 1697 877; x_wconf 84' lang='lat' dir='ltr'>normam</span> <span class='ocrx_word' id='word_1_82' title='bbox 1717 838 1826 877; x_wconf 87' lang='lat' dir='ltr'>illam</span> <span class='ocrx_word' id='word_1_83' title='bbox 1856 839 1958 878; x_wconf 88' lang='lat' dir='ltr'>anti-</span> 
     </span>
     <span class='ocr_line' id='line_1_10' title="bbox 259 904 1052 957; baseline 0.004 -15"><span class='ocrx_word' id='word_1_84' title='bbox 259 904 487 954; x_wconf 89' lang='lat' dir='ltr'>quissimam</span> <span class='ocrx_word' id='word_1_85' title='bbox 516 908 634 957; x_wconf 87' lang='lat' dir='ltr'>atque</span> <span class='ocrx_word' id='word_1_86' title='bbox 665 906 995 957; x_wconf 79' lang='lat' dir='ltr'>simplicissimam</span> <span class='ocrx_word' id='word_1_87' title='bbox 1011 906 1052 957; x_wconf 87' lang='lat'>1).</span> 
     </span>
    </p>

    <p class='ocr_par' dir='ltr' id='par_1_3' title="bbox 254 987 1960 1380">
     <span class='ocr_line' id='line_1_11' title="bbox 403 987 1959 1040; baseline 0.003 -14"><span class='ocrx_word' id='word_1_88' title='bbox 403 987 472 1026; x_wconf 88' lang='lat' dir='ltr'>sed</span> <span class='ocrx_word' id='word_1_89' title='bbox 501 999 602 1027; x_wconf 87' lang='lat' dir='ltr'>anno</span> <span class='ocrx_word' id='word_1_90' title='bbox 618 988 720 1027; x_wconf 79' lang='lat' dir='ltr'>circ.</span> <span class='ocrx_word' id='word_1_91' title='bbox 751 989 838 1028; x_wconf 84' lang='lat'>458</span> <span class='ocrx_word' id='word_1_92' title='bbox 870 989 1060 1039; x_wconf 82' lang='lat' dir='ltr'>Aeschyli</span> <span class='ocrx_word' id='word_1_93' title='bbox 1089 992 1173 1028; x_wconf 87' lang='lat' dir='ltr'>arte</span> <span class='ocrx_word' id='word_1_94' title='bbox 1214 990 1263 1029; x_wconf 87' lang='lat' dir='ltr'>ad</span> <span class='ocrx_word' id='word_1_95' title='bbox 1306 1002 1504 1028; x_wconf 89' lang='lat' dir='ltr'>summum</span> <span class='ocrx_word' id='word_1_96' title='bbox 1546 990 1745 1040; x_wconf 81' lang='lat' dir='ltr'>fastigium</span> <span class='ocrx_word' id='word_1_97' title='bbox 1787 991 1959 1038; x_wconf 83' lang='lat' dir='ltr'>adducta</span> 
     </span>
     <span class='ocr_line' id='line_1_12' title="bbox 258 1058 1954 1113; baseline 0.004 -18"><span class='ocrx_word' id='word_1_98' title='bbox 258 1069 348 1096; x_wconf 86' lang='lat' dir='ltr'>cum</span> <span class='ocrx_word' id='word_1_99' title='bbox 378 1058 455 1096; x_wconf 92' lang='lat' dir='ltr'>iam</span> <span class='ocrx_word' id='word_1_100' title='bbox 486 1070 585 1097; x_wconf 87' lang='lat' dir='ltr'>nova</span> <span class='ocrx_word' id='word_1_101' title='bbox 614 1059 683 1098; x_wconf 90' lang='lat' dir='ltr'>illa</span> <span class='ocrx_word' id='word_1_102' title='bbox 707 1063 974 1110; x_wconf 87' lang='lat' dir='ltr'>comparerent</span> <span class='ocrx_word' id='word_1_103' title='bbox 1003 1060 1172 1110; x_wconf 85' lang='lat' dir='ltr'>ingenia,</span> <span class='ocrx_word' id='word_1_104' title='bbox 1204 1061 1268 1099; x_wconf 91' lang='lat' dir='ltr'>vel</span> <span class='ocrx_word' id='word_1_105' title='bbox 1298 1061 1456 1100; x_wconf 88' lang='lat' dir='ltr'>maioris</span> <span class='ocrx_word' id='word_1_106' title='bbox 1486 1063 1622 1111; x_wconf 88' lang='lat' dir='ltr'>poetae</span> <span class='ocrx_word' id='word_1_107' title='bbox 1651 1061 1750 1100; x_wconf 90' lang='lat' dir='ltr'>ratio</span> <span class='ocrx_word' id='word_1_108' title='bbox 1779 1063 1954 1113; x_wconf 89' lang='lat' dir='ltr'>compin-</span> 
     </span>
     <span class='ocr_line' id='line_1_13' title="bbox 257 1128 1958 1183; baseline 0.003 -16"><span class='ocrx_word' id='word_1_109' title='bbox 257 1128 375 1177; x_wconf 89' lang='lat' dir='ltr'>gendi</span> <span class='ocrx_word' id='word_1_110' title='bbox 406 1129 577 1168; x_wconf 87' lang='lat' dir='ltr'>carmina</span> <span class='ocrx_word' id='word_1_111' title='bbox 607 1133 842 1169; x_wconf 87' lang='lat' dir='ltr'>commutata</span> <span class='ocrx_word' id='word_1_112' title='bbox 874 1134 952 1170; x_wconf 85' lang='lat' dir='ltr'>est:</span> <span class='ocrx_word' id='word_1_113' title='bbox 984 1143 1191 1170; x_wconf 90' lang='lat' dir='ltr'>numerum</span> <span class='ocrx_word' id='word_1_114' title='bbox 1217 1132 1430 1170; x_wconf 87' lang='lat' dir='ltr'>secundum</span> <span class='ocrx_word' id='word_1_115' title='bbox 1449 1132 1565 1170; x_wconf 90' lang='lat' dir='ltr'>tertio</span> <span class='ocrx_word' id='word_1_116' title='bbox 1587 1132 1795 1172; x_wconf 88' lang='lat' dir='ltr'>succedere</span> <span class='ocrx_word' id='word_1_117' title='bbox 1812 1145 1958 1183; x_wconf 86' lang='lat' dir='ltr'>passus</span> 
     </span>
     <span class='ocr_line' id='line_1_14' title="bbox 256 1199 1960 1254; baseline 0.003 -17"><span class='ocrx_word' id='word_1_118' title='bbox 256 1200 540 1248; x_wconf 88' lang='lat' dir='ltr'>Agamemnoni</span> <span class='ocrx_word' id='word_1_119' title='bbox 571 1199 887 1251; x_wconf 86' lang='lat' dir='ltr'>Choephorisque</span> <span class='ocrx_word' id='word_1_120' title='bbox 918 1201 1073 1251; x_wconf 87' lang='lat' dir='ltr'>singula</span> <span class='ocrx_word' id='word_1_121' title='bbox 1103 1202 1263 1241; x_wconf 87' lang='lat' dir='ltr'>stasima</span> <span class='ocrx_word' id='word_1_122' title='bbox 1291 1202 1456 1241; x_wconf 87' lang='lat' dir='ltr'>inseruit</span> <span class='ocrx_word' id='word_1_123' title='bbox 1485 1202 1562 1241; x_wconf 91' lang='lat' dir='ltr'>duo</span> <span class='ocrx_word' id='word_1_124' title='bbox 1592 1202 1814 1242; x_wconf 84' lang='lat' dir='ltr'>exhibentia</span> <span class='ocrx_word' id='word_1_125' title='bbox 1836 1204 1960 1254; x_wconf 74' lang='lat' dir='ltr'>paria,</span> 
     </span>
     <span class='ocr_line' id='line_1_15' title="bbox 257 1268 1957 1324; baseline 0.004 -16"><span class='ocrx_word' id='word_1_126' title='bbox 257 1268 511 1320; x_wconf 87' lang='lat' dir='ltr'>Choephoron</span> <span class='ocrx_word' id='word_1_127' title='bbox 543 1275 634 1310; x_wconf 84' lang='lat' dir='ltr'>stas.</span> <span class='ocrx_word' id='word_1_128' title='bbox 665 1271 831 1310; x_wconf 87' lang='lat' dir='ltr'>alterum</span> <span class='ocrx_word' id='word_1_129' title='bbox 863 1272 919 1311; x_wconf 89' lang='lat' dir='ltr'>sic</span> <span class='ocrx_word' id='word_1_130' title='bbox 950 1272 1143 1323; x_wconf 87' lang='lat' dir='ltr'>disposuit</span> <span class='ocrx_word' id='word_1_131' title='bbox 1186 1276 1230 1311; x_wconf 92' lang='lat' dir='ltr'>ut</span> <span class='ocrx_word' id='word_1_132' title='bbox 1269 1273 1346 1312; x_wconf 90' lang='lat' dir='ltr'>duo</span> <span class='ocrx_word' id='word_1_133' title='bbox 1376 1273 1572 1312; x_wconf 88' lang='lat' dir='ltr'>trochaica</span> <span class='ocrx_word' id='word_1_134' title='bbox 1611 1273 1837 1324; x_wconf 86' lang='lat' dir='ltr'>exciperent</span> <span class='ocrx_word' id='word_1_135' title='bbox 1875 1274 1957 1314; x_wconf 87' lang='lat' dir='ltr'>duo</span> 
     </span>
     <span class='ocr_line' id='line_1_16' title="bbox 254 1340 429 1380; baseline 0.011 -2"><span class='ocrx_word' id='word_1_136' title='bbox 254 1340 429 1380; x_wconf 86' lang='lat' dir='ltr'>iambica.</span> 
     </span>
    </p>

    <p class='ocr_par' dir='ltr' id='par_1_4' title="bbox 254 1423 1952 1551">
     <span class='ocr_line' id='line_1_17' title="bbox 396 1423 1952 1476; baseline 0.003 -14"><span class='ocrx_word' id='word_1_137' title='bbox 396 1423 674 1463; x_wconf 87' lang='lat' dir='ltr'>Prometheum</span> <span class='ocrx_word' id='word_1_138' title='bbox 723 1425 983 1475; x_wconf 84' lang='lat' dir='ltr'>negleximus.</span> <span class='ocrx_word' id='word_1_139' title='bbox 1057 1438 1150 1464; x_wconf 91' lang='lat' dir='ltr'>num</span> <span class='ocrx_word' id='word_1_140' title='bbox 1201 1428 1316 1476; x_wconf 90' lang='lat' dir='ltr'>putas</span> <span class='ocrx_word' id='word_1_141' title='bbox 1359 1427 1602 1476; x_wconf 86' lang='lat' dir='ltr'>Aeschylum</span> <span class='ocrx_word' id='word_1_142' title='bbox 1644 1438 1746 1466; x_wconf 88' lang='lat' dir='ltr'>anno</span> <span class='ocrx_word' id='word_1_143' title='bbox 1788 1439 1820 1467; x_wconf 90' lang='lat' dir='ltr'>c.</span> <span class='ocrx_word' id='word_1_144' title='bbox 1863 1428 1952 1469; x_wconf 81' lang='lat'>470</span> 
     </span>
     <span class='ocr_line' id='line_1_18' title="bbox 254 1494 1834 1551; baseline 0.003 -19"><span class='ocrx_word' id='word_1_145' title='bbox 254 1494 444 1544; x_wconf 86' lang='lat' dir='ltr'>parodum</span> <span class='ocrx_word' id='word_1_146' title='bbox 475 1495 756 1547; x_wconf 88' lang='lat' dir='ltr'>stasimumque</span> <span class='ocrx_word' id='word_1_147' title='bbox 785 1496 953 1535; x_wconf 91' lang='lat' dir='ltr'>alterum</span> <span class='ocrx_word' id='word_1_148' title='bbox 984 1497 1246 1547; x_wconf 87' lang='lat' dir='ltr'>composuisse</span> <span class='ocrx_word' id='word_1_149' title='bbox 1276 1498 1430 1548; x_wconf 87' lang='lat' dir='ltr'>parium</span> <span class='ocrx_word' id='word_1_150' title='bbox 1464 1499 1502 1544; x_wconf 79' lang='lat'>2,</span> <span class='ocrx_word' id='word_1_151' title='bbox 1532 1498 1691 1537; x_wconf 85' lang='lat' dir='ltr'>tertium</span> <span class='ocrx_word' id='word_1_152' title='bbox 1726 1495 1834 1551; x_wconf 71' lang='lat' dir='ltr'>11s2?</span> 
     </span>
    </p>
   </div>
   <div class='ocr_carea' id='block_1_3' title="bbox 961 1648 1244 1656">
    <p class='ocr_par' dir='ltr' id='par_1_5' title="bbox 961 1648 1244 1656">
     <span class='ocr_line' id='line_1_19' title="bbox 961 1648 1244 1656; baseline 0 0"><span class='ocrx_word' id='word_1_153' title='bbox 961 1648 1244 1656; x_wconf 95' lang='lat' dir='ltr'> </span> 
     </span>
    </p>
   </div>
   <div class='ocr_carea' id='block_1_4' title="bbox 249 1765 1955 2317">
    <p class='ocr_par' dir='ltr' id='par_1_6' title="bbox 249 1765 1955 2317">
     <span class='ocr_line' id='line_1_20' title="bbox 395 1765 1955 1820; baseline 0.003 -15"><span class='ocrx_word' id='word_1_154' title='bbox 395 1765 606 1817; x_wconf 87' lang='lat' dir='ltr'>Sophocles</span> <span class='ocrx_word' id='word_1_155' title='bbox 635 1771 753 1819; x_wconf 88' lang='lat' dir='ltr'>atque</span> <span class='ocrx_word' id='word_1_156' title='bbox 783 1767 992 1819; x_wconf 86' lang='lat' dir='ltr'>Euripides</span> <span class='ocrx_word' id='word_1_157' title='bbox 1022 1768 1085 1807; x_wconf 85' lang='lat' dir='ltr'>vel</span> <span class='ocrx_word' id='word_1_158' title='bbox 1120 1768 1160 1807; x_wconf 92' lang='lat' dir='ltr'>in</span> <span class='ocrx_word' id='word_1_159' title='bbox 1191 1769 1425 1808; x_wconf 85' lang='lat' dir='ltr'>adornandis</span> <span class='ocrx_word' id='word_1_160' title='bbox 1457 1769 1627 1808; x_wconf 84' lang='lat' dir='ltr'>stasimis</span> <span class='ocrx_word' id='word_1_161' title='bbox 1657 1773 1812 1820; x_wconf 89' lang='lat' dir='ltr'>poetam</span> <span class='ocrx_word' id='word_1_162' title='bbox 1843 1780 1955 1810; x_wconf 72' lang='lat' dir='ltr'>sum-&#39;</span> 
     </span>
     <span class='ocr_line' id='line_1_21' title="bbox 251 1832 1952 1892; baseline 0.003 -16"><span class='ocrx_word' id='word_1_163' title='bbox 251 1849 361 1876; x_wconf 90' lang='lat' dir='ltr'>mum</span> <span class='ocrx_word' id='word_1_164' title='bbox 391 1839 593 1877; x_wconf 87' lang='lat' dir='ltr'>consecuti</span> <span class='ocrx_word' id='word_1_165' title='bbox 625 1841 717 1878; x_wconf 90' lang='lat' dir='ltr'>sunt</span> <span class='ocrx_word' id='word_1_166' title='bbox 747 1838 802 1878; x_wconf 88' lang='lat' dir='ltr'>ita</span> <span class='ocrx_word' id='word_1_167' title='bbox 832 1839 892 1878; x_wconf 90' lang='lat' dir='ltr'>uti</span> <span class='ocrx_word' id='word_1_168' title='bbox 922 1840 1024 1878; x_wconf 92' lang='lat' dir='ltr'>ultra</span> <span class='ocrx_word' id='word_1_169' title='bbox 1054 1840 1197 1879; x_wconf 87' lang='lat' dir='ltr'>ducem</span> <span class='ocrx_word' id='word_1_170' title='bbox 1228 1840 1556 1890; x_wconf 84' lang='lat' dir='ltr'>progrederentur</span> <span class='ocrx_word' id='word_1_171' title='bbox 1586 1840 1682 1892; x_wconf 91' lang='lat' dir='ltr'>ipsi;</span> <span class='ocrx_word' id='word_1_172' title='bbox 1723 1832 1813 1880; x_wconf 86' lang='lat' dir='ltr'>nam</span> <span class='ocrx_word' id='word_1_173' title='bbox 1843 1853 1952 1882; x_wconf 86' lang='lat' dir='ltr'>rece·</span> 
     </span>
     <span class='ocr_line' id='line_1_22' title="bbox 251 1910 1953 1962; baseline 0.003 -15"><span class='ocrx_word' id='word_1_174' title='bbox 251 1912 393 1958; x_wconf 89' lang='lat' dir='ltr'>perunt</span> <span class='ocrx_word' id='word_1_175' title='bbox 424 1921 519 1948; x_wconf 86' lang='lat' dir='ltr'>sane</span> <span class='ocrx_word' id='word_1_176' title='bbox 548 1910 738 1960; x_wconf 83' lang='lat' dir='ltr'>Aeschyli</span> <span class='ocrx_word' id='word_1_177' title='bbox 767 1913 890 1950; x_wconf 88' lang='lat' dir='ltr'>artem</span> <span class='ocrx_word' id='word_1_178' title='bbox 922 1911 1155 1961; x_wconf 89' lang='lat' dir='ltr'>disponendi</span> <span class='ocrx_word' id='word_1_179' title='bbox 1195 1911 1378 1959; x_wconf 85' lang='lat' dir='ltr'>carmina,</span> <span class='ocrx_word' id='word_1_180' title='bbox 1419 1914 1653 1962; x_wconf 87' lang='lat' dir='ltr'>spreverunt</span> <span class='ocrx_word' id='word_1_181' title='bbox 1682 1914 1814 1951; x_wconf 90' lang='lat' dir='ltr'>autem</span> <span class='ocrx_word' id='word_1_182' title='bbox 1847 1913 1953 1952; x_wconf 84' lang='lat' dir='ltr'>sicut</span> 
     </span>
     <span class='ocr_line' id='line_1_23' title="bbox 250 1970 1947 2034; baseline 0.002 -16"><span class='ocrx_word' id='word_1_183' title='bbox 250 1979 433 2029; x_wconf 88' lang='lat' dir='ltr'>prologos</span> <span class='ocrx_word' id='word_1_184' title='bbox 473 1970 744 2031; x_wconf 88' lang='lat' dir='ltr'>anapaesticos</span> <span class='ocrx_word' id='word_1_185' title='bbox 786 1982 834 2020; x_wconf 90' lang='lat' dir='ltr'>ab</span> <span class='ocrx_word' id='word_1_186' title='bbox 877 1981 1075 2031; x_wconf 82' lang='lat' dir='ltr'>Aeschylo</span> <span class='ocrx_word' id='word_1_187' title='bbox 1119 1981 1290 2021; x_wconf 87' lang='lat' dir='ltr'>stasimis</span> <span class='ocrx_word' id='word_1_188' title='bbox 1332 1982 1437 2020; x_wconf 89' lang='lat' dir='ltr'>haud</span> <span class='ocrx_word' id='word_1_189' title='bbox 1480 1994 1566 2021; x_wconf 86' lang='lat' dir='ltr'>raro</span> <span class='ocrx_word' id='word_1_190' title='bbox 1607 1982 1843 2033; x_wconf 86' lang='lat' dir='ltr'>praemissos</span> <span class='ocrx_word' id='word_1_191' title='bbox 1881 1983 1947 2034; x_wconf 78' lang='lat' dir='ltr'>(cf.</span> 
     </span>
     <span class='ocr_line' id='line_1_24' title="bbox 249 2048 1951 2104; baseline 0.003 -16"><span class='ocrx_word' id='word_1_192' title='bbox 249 2062 287 2100; x_wconf 94' lang='lat' dir='ltr'>p.</span> <span class='ocrx_word' id='word_1_193' title='bbox 320 2048 404 2101; x_wconf 83' lang='lat'>49),</span> <span class='ocrx_word' id='word_1_194' title='bbox 435 2050 490 2089; x_wconf 90' lang='lat' dir='ltr'>ita</span> <span class='ocrx_word' id='word_1_195' title='bbox 519 2051 683 2089; x_wconf 86' lang='lat' dir='ltr'>formam</span> <span class='ocrx_word' id='word_1_196' title='bbox 726 2051 833 2090; x_wconf 86' lang='lat' dir='ltr'>illam</span> <span class='ocrx_word' id='word_1_197' title='bbox 866 2064 965 2102; x_wconf 88' lang='lat' dir='ltr'>quae</span> <span class='ocrx_word' id='word_1_198' title='bbox 1003 2052 1077 2090; x_wconf 91' lang='lat' dir='ltr'>tria</span> <span class='ocrx_word' id='word_1_199' title='bbox 1120 2052 1280 2091; x_wconf 90' lang='lat' dir='ltr'>exhibet</span> <span class='ocrx_word' id='word_1_200' title='bbox 1323 2053 1568 2103; x_wconf 86' lang='lat' dir='ltr'>stropharum</span> <span class='ocrx_word' id='word_1_201' title='bbox 1610 2053 1729 2104; x_wconf 87' lang='lat' dir='ltr'>paria.</span> <span class='ocrx_word' id='word_1_202' title='bbox 1791 2054 1951 2093; x_wconf 82' lang='lat' dir='ltr'>stasima</span> 
     </span>
     <span class='ocr_line' id='line_1_25' title="bbox 250 2121 1951 2175; baseline 0.002 -16"><span class='ocrx_word' id='word_1_203' title='bbox 250 2121 355 2160; x_wconf 91' lang='lat' dir='ltr'>enim</span> <span class='ocrx_word' id='word_1_204' title='bbox 386 2122 458 2161; x_wconf 91' lang='lat' dir='ltr'>hoc</span> <span class='ocrx_word' id='word_1_205' title='bbox 488 2122 603 2160; x_wconf 91' lang='lat' dir='ltr'>modo</span> <span class='ocrx_word' id='word_1_206' title='bbox 634 2122 848 2173; x_wconf 84' lang='lat' dir='ltr'>composita</span> <span class='ocrx_word' id='word_1_207' title='bbox 877 2123 982 2162; x_wconf 91' lang='lat' dir='ltr'>inter</span> <span class='ocrx_word' id='word_1_208' title='bbox 1011 2124 1125 2173; x_wconf 91' lang='lat' dir='ltr'>plura</span> <span class='ocrx_word' id='word_1_209' title='bbox 1162 2135 1280 2174; x_wconf 87' lang='lat' dir='ltr'>quam</span> <span class='ocrx_word' id='word_1_210' title='bbox 1310 2126 1469 2162; x_wconf 89' lang='lat' dir='ltr'>centum</span> <span class='ocrx_word' id='word_1_211' title='bbox 1500 2135 1576 2162; x_wconf 91' lang='lat' dir='ltr'>non</span> <span class='ocrx_word' id='word_1_212' title='bbox 1608 2127 1765 2164; x_wconf 85' lang='lat' dir='ltr'>exstant</span> <span class='ocrx_word' id='word_1_213' title='bbox 1793 2128 1951 2175; x_wconf 84' lang='lat' dir='ltr'>praeter</span> 
     </span>
     <span class='ocr_line' id='line_1_26' title="bbox 250 2191 1950 2244; baseline 0.002 -14"><span class='ocrx_word' id='word_1_214' title='bbox 250 2194 341 2230; x_wconf 88' lang='lat' dir='ltr'>stas.</span> <span class='ocrx_word' id='word_1_215' title='bbox 373 2191 488 2232; x_wconf 89' lang='lat' dir='ltr'>Herc.</span> <span class='ocrx_word' id='word_1_216' title='bbox 518 2192 540 2231; x_wconf 97' lang='grc' dir='ltr'>Ι</span> <span class='ocrx_word' id='word_1_217' title='bbox 570 2205 647 2243; x_wconf 88' lang='lat' dir='ltr'>quo</span> <span class='ocrx_word' id='word_1_218' title='bbox 677 2205 836 2232; x_wconf 91' lang='lat' dir='ltr'>nomum</span> <span class='ocrx_word' id='word_1_219' title='bbox 867 2194 1063 2244; x_wconf 88' lang='lat' dir='ltr'>quendam</span> <span class='ocrx_word' id='word_1_220' title='bbox 1094 2194 1268 2244; x_wconf 90' lang='lat' dir='ltr'>Apollini</span> <span class='ocrx_word' id='word_1_221' title='bbox 1299 2205 1452 2233; x_wconf 89' lang='lat' dir='ltr'>sacrum</span> <span class='ocrx_word' id='word_1_222' title='bbox 1494 2194 1688 2233; x_wconf 85' lang='lat' dir='ltr'>imitatum</span> <span class='ocrx_word' id='word_1_223' title='bbox 1718 2206 1805 2234; x_wconf 88' lang='lat' dir='ltr'>esse</span> <span class='ocrx_word' id='word_1_224' title='bbox 1833 2194 1950 2234; x_wconf 83' lang='lat' dir='ltr'>Euri-</span> 
     </span>
     <span class='ocr_line' id='line_1_27' title="bbox 249 2262 1449 2317; baseline 0.003 -16"><span class='ocrx_word' id='word_1_225' title='bbox 249 2263 380 2313; x_wconf 90' lang='lat' dir='ltr'>pidem</span> <span class='ocrx_word' id='word_1_226' title='bbox 412 2266 575 2312; x_wconf 87' lang='lat' dir='ltr'>constat,</span> <span class='ocrx_word' id='word_1_227' title='bbox 606 2264 771 2314; x_wconf 88' lang='lat' dir='ltr'>parodos</span> <span class='ocrx_word' id='word_1_228' title='bbox 803 2263 895 2304; x_wconf 68' lang='grc' dir='ltr'>ΟΒ.</span> <span class='ocrx_word' id='word_1_229' title='bbox 927 2265 996 2315; x_wconf 87' lang='grc'><strong>(3),</strong></span> <span class='ocrx_word' id='word_1_230' title='bbox 1027 2265 1168 2304; x_wconf 86' lang='grc' dir='ltr'><strong>Β30011.</strong></span> <span class='ocrx_word' id='word_1_231' title='bbox 1203 2262 1379 2317; x_wconf 74' lang='lat' dir='ltr'>(31l2)²).</span> <span class='ocrx_word' id='word_1_232' title='bbox 1445 2309 1449 2313; x_wconf 77' lang='lat'><em>,</em></span> 
     </span>
    </p>
   </div>
   <div class='ocr_carea' id='block_1_5' title="bbox 248 2359 533 2369">
    <p class='ocr_par' dir='ltr' id='par_1_7' title="bbox 248 2359 533 2369">
     <span class='ocr_line' id='line_1_28' title="bbox 248 2359 533 2369; baseline 0 0"><span class='ocrx_word' id='word_1_233' title='bbox 248 2359 533 2369; x_wconf 95' lang='lat' dir='ltr'> </span> 
     </span>
    </p>
   </div>
   <div class='ocr_carea' id='block_1_6' title="bbox 248 2412 1947 2579">
    <p class='ocr_par' dir='ltr' id='par_1_8' title="bbox 248 2412 1947 2579">
     <span class='ocr_line' id='line_1_29' title="bbox 392 2412 1947 2461; baseline 0.003 -14"><span class='ocrx_word' id='word_1_234' title='bbox 392 2412 420 2458; x_wconf 81' lang='lat'>¹)</span> <span class='ocrx_word' id='word_1_235' title='bbox 446 2413 510 2448; x_wconf 88' lang='lat' dir='ltr'>hoc</span> <span class='ocrx_word' id='word_1_236' title='bbox 533 2413 610 2449; x_wconf 94' lang='lat' dir='ltr'>loco</span> <span class='ocrx_word' id='word_1_237' title='bbox 635 2415 763 2450; x_wconf 84' lang='lat' dir='ltr'>adnoto</span> <span class='ocrx_word' id='word_1_238' title='bbox 791 2414 963 2450; x_wconf 79' lang='lat' dir='ltr'>Wecklini</span> <span class='ocrx_word' id='word_1_239' title='bbox 987 2415 1030 2450; x_wconf 91' lang='lat' dir='ltr'>de</span> <span class='ocrx_word' id='word_1_240' title='bbox 1054 2415 1208 2450; x_wconf 80' lang='lat' dir='ltr'>stasimis</span> <span class='ocrx_word' id='word_1_241' title='bbox 1234 2415 1442 2461; x_wconf 84' lang='lat' dir='ltr'>Aeschyleis</span> <span class='ocrx_word' id='word_1_242' title='bbox 1466 2416 1743 2451; x_wconf 83' lang='lat' dir='ltr'>dissertationem</span> <span class='ocrx_word' id='word_1_243' title='bbox 1768 2416 1947 2458; x_wconf 68' lang='lat' dir='ltr'>(Jahrb.‚f.</span> 
     </span>
     <span class='ocr_line' id='line_1_30' title="bbox 248 2471 1946 2520; baseline 0.001 -13"><span class='ocrx_word' id='word_1_244' title='bbox 248 2471 292 2507; x_wconf 87' lang='lat' dir='ltr'>kl.</span> <span class='ocrx_word' id='word_1_245' title='bbox 318 2471 381 2507; x_wconf 90' lang='lat' dir='ltr'>Ph.</span> <span class='ocrx_word' id='word_1_246' title='bbox 407 2471 585 2518; x_wconf 84' lang='lat' dir='ltr'>Supplem.</span> <span class='ocrx_word' id='word_1_247' title='bbox 614 2473 674 2519; x_wconf 90' lang='lat'>13)</span> <span class='ocrx_word' id='word_1_248' title='bbox 700 2484 768 2519; x_wconf 87' lang='lat' dir='ltr'>qua</span> <span class='ocrx_word' id='word_1_249' title='bbox 794 2473 932 2518; x_wconf 89' lang='lat' dir='ltr'>singula</span> <span class='ocrx_word' id='word_1_250' title='bbox 956 2474 1173 2509; x_wconf 79' lang='lat' dir='ltr'>chorIcorum</span> <span class='ocrx_word' id='word_1_251' title='bbox 1198 2476 1296 2519; x_wconf 86' lang='lat' dir='ltr'>paria</span> <span class='ocrx_word' id='word_1_252' title='bbox 1319 2486 1340 2511; x_wconf 89' lang='lat' dir='ltr'>a</span> <span class='ocrx_word' id='word_1_253' title='bbox 1364 2474 1511 2520; x_wconf 85' lang='lat' dir='ltr'>singulis</span> <span class='ocrx_word' id='word_1_254' title='bbox 1537 2474 1632 2510; x_wconf 88' lang='lat' dir='ltr'>chori</span> <span class='ocrx_word' id='word_1_255' title='bbox 1658 2474 1830 2510; x_wconf 83' lang='lat' dir='ltr'>‘stoechis’</span> <span class='ocrx_word' id='word_1_256' title='bbox 1857 2475 1946 2510; x_wconf 84' lang='lat' dir='ltr'>reci-</span> 
     </span>
     <span class='ocr_line' id='line_1_31' title="bbox 249 2532 1294 2579; baseline 0.003 -13"><span class='ocrx_word' id='word_1_257' title='bbox 249 2532 321 2566; x_wconf 85' lang='lat' dir='ltr'>tata</span> <span class='ocrx_word' id='word_1_258' title='bbox 345 2541 422 2566; x_wconf 87' lang='lat' dir='ltr'>esse</span> <span class='ocrx_word' id='word_1_259' title='bbox 447 2533 616 2579; x_wconf 84' lang='lat' dir='ltr'>autumat,</span> <span class='ocrx_word' id='word_1_260' title='bbox 643 2532 803 2567; x_wconf 84' lang='lat' dir='ltr'>consulto</span> <span class='ocrx_word' id='word_1_261' title='bbox 828 2543 885 2568; x_wconf 87' lang='lat' dir='ltr'>me</span> <span class='ocrx_word' id='word_1_262' title='bbox 910 2532 1048 2568; x_wconf 87' lang='lat' dir='ltr'>silentio</span> <span class='ocrx_word' id='word_1_263' title='bbox 1073 2533 1294 2578; x_wconf 85' lang='lat' dir='ltr'>praeterisse.</span> 
     </span>
    </p>
   </div>
   <div class='ocr_carea' id='block_1_7' title="bbox 248 2614 1947 2956">
    <p class='ocr_par' dir='ltr' id='par_1_9' title="bbox 248 2614 1947 2956">
     <span class='ocr_line' id='line_1_32' title="bbox 392 2614 1947 2661; baseline 0.003 -13"><span class='ocrx_word' id='word_1_264' title='bbox 392 2614 419 2656; x_wconf 87' lang='lat'>²)</span> <span class='ocrx_word' id='word_1_265' title='bbox 442 2614 480 2649; x_wconf 91' lang='lat' dir='ltr'>in</span> <span class='ocrx_word' id='word_1_266' title='bbox 506 2615 651 2650; x_wconf 88' lang='lat' dir='ltr'>commis</span> <span class='ocrx_word' id='word_1_267' title='bbox 686 2615 1034 2661; x_wconf 84' lang='lat' dir='ltr'>epirrhematicisque</span> <span class='ocrx_word' id='word_1_268' title='bbox 1068 2627 1237 2652; x_wconf 87' lang='lat' dir='ltr'>numerus</span> <span class='ocrx_word' id='word_1_269' title='bbox 1272 2616 1329 2652; x_wconf 87' lang='lat' dir='ltr'>ille</span> <span class='ocrx_word' id='word_1_270' title='bbox 1362 2617 1492 2652; x_wconf 86' lang='lat' dir='ltr'>diutius</span> <span class='ocrx_word' id='word_1_271' title='bbox 1517 2617 1656 2652; x_wconf 88' lang='lat' dir='ltr'>videtur</span> <span class='ocrx_word' id='word_1_272' title='bbox 1681 2626 1758 2652; x_wconf 83' lang='lat' dir='ltr'>esse</span> <span class='ocrx_word' id='word_1_273' title='bbox 1783 2619 1947 2652; x_wconf 83' lang='lat' dir='ltr'>servatus</span> 
     </span>
     <span class='ocr_line' id='line_1_33' title="bbox 248 2672 1942 2723; baseline 0.001 -15"><span class='ocrx_word' id='word_1_274' title='bbox 248 2683 270 2708; x_wconf 89' lang='lat' dir='ltr'>a</span> <span class='ocrx_word' id='word_1_275' title='bbox 293 2672 462 2718; x_wconf 85' lang='lat' dir='ltr'>Sophocle</span> <span class='ocrx_word' id='word_1_276' title='bbox 487 2674 522 2719; x_wconf 89' lang='lat'>(3</span> <span class='ocrx_word' id='word_1_277' title='bbox 534 2684 587 2718; x_wconf 88' lang='lat' dir='ltr'>p.:</span> <span class='ocrx_word' id='word_1_278' title='bbox 615 2674 711 2709; x_wconf 83' lang='lat' dir='ltr'>Aiae.</span> <span class='ocrx_word' id='word_1_279' title='bbox 738 2673 818 2719; x_wconf 83' lang='lat'>348,</span> <span class='ocrx_word' id='word_1_280' title='bbox 845 2676 948 2720; x_wconf 87' lang='lat' dir='ltr'>Antg.</span> <span class='ocrx_word' id='word_1_281' title='bbox 977 2675 1078 2722; x_wconf 86' lang='lat'>1261,</span> <span class='ocrx_word' id='word_1_282' title='bbox 1106 2675 1196 2712; x_wconf 85' lang='lat'>0.0.</span> <span class='ocrx_word' id='word_1_283' title='bbox 1224 2676 1333 2721; x_wconf 70' lang='lat'>162703</span> <span class='ocrx_word' id='word_1_284' title='bbox 1358 2675 1454 2723; x_wconf 81' lang='lat' dir='ltr'>3¹s,:</span> <span class='ocrx_word' id='word_1_285' title='bbox 1478 2675 1568 2712; x_wconf 90' lang='lat' dir='ltr'>Phil.</span> <span class='ocrx_word' id='word_1_286' title='bbox 1588 2676 1667 2711; x_wconf 91' lang='lat' dir='ltr'>Par.</span> <span class='ocrx_word' id='word_1_287' title='bbox 1688 2675 1815 2712; x_wconf 82' lang='lat' dir='ltr'>Electr.</span> <span class='ocrx_word' id='word_1_288' title='bbox 1833 2675 1942 2722; x_wconf 71' lang='lat' dir='ltr'>Pan).</span> 
     </span>
     <span class='ocr_line' id='line_1_34' title="bbox 248 2732 1946 2780; baseline 0.002 -14"><span class='ocrx_word' id='word_1_289' title='bbox 248 2732 331 2766; x_wconf 89' lang='lat' dir='ltr'>noto</span> <span class='ocrx_word' id='word_1_290' title='bbox 358 2733 540 2777; x_wconf 84' lang='lat' dir='ltr'>praeterea</span> <span class='ocrx_word' id='word_1_291' title='bbox 564 2732 722 2768; x_wconf 83' lang='lat' dir='ltr'>Electrae</span> <span class='ocrx_word' id='word_1_292' title='bbox 746 2733 954 2777; x_wconf 81' lang='lat' dir='ltr'>Euripidea&#39;e</span> <span class='ocrx_word' id='word_1_293' title='bbox 979 2745 1157 2769; x_wconf 88' lang='lat' dir='ltr'>commum</span> <span class='ocrx_word' id='word_1_294' title='bbox 1188 2734 1231 2770; x_wconf 86' lang='lat' dir='ltr'>ab</span> <span class='ocrx_word' id='word_1_295' title='bbox 1256 2734 1382 2770; x_wconf 89' lang='lat' dir='ltr'>Oreste</span> <span class='ocrx_word' id='word_1_296' title='bbox 1407 2734 1548 2771; x_wconf 85' lang='lat' dir='ltr'>Electra</span> <span class='ocrx_word' id='word_1_297' title='bbox 1572 2734 1676 2770; x_wconf 89' lang='lat' dir='ltr'>choro</span> <span class='ocrx_word' id='word_1_298' title='bbox 1700 2736 1779 2780; x_wconf 90' lang='lat' dir='ltr'>post</span> <span class='ocrx_word' id='word_1_299' title='bbox 1804 2734 1946 2779; x_wconf 83' lang='lat' dir='ltr'>Clytae-</span> 
     </span>
     <span class='ocr_line' id='line_1_35' title="bbox 248 2791 1946 2839; baseline 0.002 -14"><span class='ocrx_word' id='word_1_300' title='bbox 248 2791 400 2826; x_wconf 87' lang='lat' dir='ltr'>mestrae</span> <span class='ocrx_word' id='word_1_301' title='bbox 425 2791 569 2826; x_wconf 86' lang='lat' dir='ltr'>caedem</span> <span class='ocrx_word' id='word_1_302' title='bbox 596 2793 784 2834; x_wconf 82' lang='lat' dir='ltr'>cantatum,</span> <span class='ocrx_word' id='word_1_303' title='bbox 811 2794 871 2837; x_wconf 90' lang='lat' dir='ltr'>qui</span> <span class='ocrx_word' id='word_1_304' title='bbox 895 2793 939 2828; x_wconf 88' lang='lat' dir='ltr'>ad</span> <span class='ocrx_word' id='word_1_305' title='bbox 964 2793 1145 2838; x_wconf 84' lang='lat' dir='ltr'>exemplar</span> <span class='ocrx_word' id='word_1_306' title='bbox 1176 2793 1270 2829; x_wconf 87' lang='lat' dir='ltr'>illius</span> <span class='ocrx_word' id='word_1_307' title='bbox 1295 2794 1483 2839; x_wconf 85' lang='lat' dir='ltr'>Aeschylei</span> <span class='ocrx_word' id='word_1_308' title='bbox 1507 2794 1666 2829; x_wconf 84' lang='lat' dir='ltr'>conditus</span> <span class='ocrx_word' id='word_1_309' title='bbox 1691 2793 1829 2829; x_wconf 89' lang='lat' dir='ltr'>videtur</span> <span class='ocrx_word' id='word_1_310' title='bbox 1853 2803 1946 2837; x_wconf 77' lang='lat' dir='ltr'>esse,</span> 
     </span>
     <span class='ocr_line' id='line_1_36' title="bbox 248 2848 1947 2899; baseline 0.003 -16"><span class='ocrx_word' id='word_1_311' title='bbox 248 2848 315 2884; x_wconf 88' lang='lat' dir='ltr'>tria</span> <span class='ocrx_word' id='word_1_312' title='bbox 349 2850 517 2885; x_wconf 87' lang='lat' dir='ltr'>exhibere</span> <span class='ocrx_word' id='word_1_313' title='bbox 541 2851 639 2895; x_wconf 88' lang='lat' dir='ltr'>paria</span> <span class='ocrx_word' id='word_1_314' title='bbox 671 2852 914 2896; x_wconf 82' lang='lat' dir='ltr'>stropharum:</span> <span class='ocrx_word' id='word_1_315' title='bbox 953 2851 1118 2896; x_wconf 83' lang='lat' dir='ltr'>„Electra</span> <span class='ocrx_word' id='word_1_316' title='bbox 1155 2852 1248 2898; x_wconf 86' lang='lat' dir='ltr'>zeigt</span> <span class='ocrx_word' id='word_1_317' title='bbox 1284 2853 1497 2899; x_wconf 87' lang='lat' dir='ltr'>archaische,</span> <span class='ocrx_word' id='word_1_318' title='bbox 1534 2853 1657 2888; x_wconf 87' lang='lat' dir='ltr'>besser</span> <span class='ocrx_word' id='word_1_319' title='bbox 1693 2852 1947 2888; x_wconf 84' lang='lat' dir='ltr'>archaistische</span> 
     </span>
     <span class='ocr_line' id='line_1_37' title="bbox 248 2908 782 2956; baseline 0.006 -14"><span class='ocrx_word' id='word_1_320' title='bbox 248 2908 359 2952; x_wconf 83' lang='lat' dir='ltr'>ziige“</span> <span class='ocrx_word' id='word_1_321' title='bbox 385 2908 482 2953; x_wconf 90' lang='lat' dir='ltr'>(Wil.</span> <span class='ocrx_word' id='word_1_322' title='bbox 510 2909 595 2944; x_wconf 88' lang='lat' dir='ltr'>Her.</span> <span class='ocrx_word' id='word_1_323' title='bbox 620 2909 661 2944; x_wconf 84' lang='lat'>1²</span> <span class='ocrx_word' id='word_1_324' title='bbox 688 2910 782 2956; x_wconf 84' lang='lat'>148).</span> 
     </span>
    </p>
   </div>
  </div>
 </body>
</html>
