2210 3340
544 345 657 384 «136

275 413 336 454 El.
367 414 502 466 4321)
541 416 570 463 β
601 416 657 454 42
850 414 937 454 Hel.
975 415 1084 454 1301
1129 393 1154 418 α
1188 381 1243 419 ⁶4
1405 415 1553 454 Phoen.
1588 416 1671 455 638
1714 394 1739 419 α
1774 378 1828 420 ⁶4

326 479 334 484 .
518 481 576 535 6⁰
602 486 657 525 40
1126 452 1155 498 β
1188 452 1243 489 54
1712 454 1739 499 β
1773 454 1826 491 51

1129 570 1155 596 α
1191 558 1243 596 70
1715 572 1739 597 α
1773 561 1828 599 59

319 591 383 633 Or.
416 593 502 633 316
543 606 569 632 α
602 594 658 633 64
826 592 965 632 Bacch.
1001 593 1086 632 519
1126 630 1155 677 β
1188 629 1243 669 64
1404 592 1553 644 Iph.A.
1587 594 1671 633 543
1712 631 1740 677 β
1773 631 1824 670 61

361 726 470 776 patet
505 723 596 763 inde
635 724 684 763 ab
716 723 900 763 Herculis
941 727 1120 775 tempore
1150 723 1380 775 Euripidem
1421 724 1545 763 multo
1587 724 1783 775 longiores
1825 726 1938 776 pepi·-

217 795 325 847 gisae
356 795 550 848 strophas,
581 807 660 835 non
691 808 778 835 raro
810 808 933 835 unum
966 795 1094 835 solum
1125 808 1198 847 par
1228 795 1398 835 eundem
1419 796 1575 836 efficere
1594 808 1800 835 numerum
1819 809 1938 848 quem

217 871 304 908 tum
334 867 430 918 duo;
471 866 565 906 inde
594 868 644 907 ab
676 866 911 919 Supplicum
943 867 1206 919 Herculisque
1246 867 1490 918 temporibus
1532 879 1690 907 carmen
1721 869 1875 919 parium
1910 870 1934 908 2

217 939 344 979 rarius
382 938 586 978 invenitur
624 939 738 979 cuius
776 940 818 978 in
851 939 978 979 locum
1012 939 1204 979 successit
1241 943 1333 979 stas.
1366 951 1445 978 uno
1475 939 1562 990 pari
1591 951 1681 979 cum
1714 940 1840 990 epodo
1871 941 1936 979 vel

217 1022 296 1051 uno
327 1010 411 1051 solo
441 1011 528 1062 pari
559 1014 754 1051 constans.
816 1023 978 1051 necesse
1009 1015 1071 1050 est
1102 1011 1175 1050 hoc
1207 1011 1415 1050 cohaereat
1446 1023 1536 1050 cum
1566 1011 1648 1051 illo.
1708 1015 1827 1063 atque
1857 1011 1936 1051 iam

216 1082 408 1134 respicias
450 1094 624 1122 summos
664 1095 764 1134 quos
803 1083 927 1122 habeo
969 1094 1153 1122 numeros
1194 1082 1262 1134 qui
1303 1082 1456 1122 ultimis
1492 1082 1652 1122 demum
1683 1083 1796 1122 annis
1826 1095 1937 1135 repe-

217 1154 374 1194 riuntur
384 1154 426 1205 2).

337 1227 485 1290 Iph.T.
517 1239 630 1278 1234
697 1241 717 1277 1
811 1251 894 1290 par.
959 1239 1012 1278 95
1195 1274 1348 1325 IphA-
1415 1275 1528 1314 1036
1594 1246 1876 1344 11s2par.}{

337 1345 484 1386 Phoen.
549 1347 633 1386 784
699 1343 780 1400 11]²
826 1368 884 1375 —

961 1377 1015 1415 74
1196 1381 1338 1421 Bacch.
1371 1381 1457 1421 Par.
1490 1381 1601 1433 epod.
1793 1383 1874 1421 122

391 1475 448 1483 -
514 1453 627 1493 1019
694 1455 715 1492 1
826 1476 881 1482 —-
958 1454 1011 1493 83
1227 1512 1283 1518 —
1451 1490 1534 1529 862
1603 1486 1773 1544 115—
1821 1461 1876 1508 84

335 1560 419 1601 Ion.
544 1562 628 1601 676
696 1557 779 1615 11s2
827 1584 883 1589 —
957 1532 1015 1631 {g
1818 1521 1875 1559 46

663 1656 788 1708 epodo
817 1657 1013 1696 lacunosa.

359 1743 482 1793 atque
512 1743 557 1780 ut
588 1752 666 1780 uno
698 1741 837 1781 saltem
879 1741 1061 1792 exemplo
1092 1741 1408 1780 demonstremus
1448 1753 1528 1780 non
1560 1741 1687 1780 solum
1729 1741 1936 1781 verborum

217 1811 288 1853 sed
331 1812 449 1852 etiam
494 1824 682 1852 versuum
725 1825 909 1853 numeros
952 1813 1211 1864 amplificatos
1254 1824 1344 1852 esse
1386 1816 1477 1864 post
1520 1812 1704 1852 Herculis
1747 1817 1936 1864 tempora,

216 1883 403 1936 exiguam
433 1883 717 1935 glyconeorum
747 1885 931 1924 tabellam
972 1885 1219 1936 proferimus.
1284 1884 1500 1936 Sophoclea
1537 1885 1709 1924 carmina
1745 1885 1938 1936 glyconea

219 1957 393 1997 10—13
426 1967 565 1996 versus
595 1957 807 2007 glyconeos
839 1957 1039 1996 exhibent.

833 2030 949 2079 Antg.
983 2028 1068 2068 Par.
1102 2042 1128 2068 α
1164 2029 1216 2067 10
1249 2028 1302 2078 gl.

835 2099 1062 2140 O.R.1186
1103 2114 1128 2139 α
1165 2102 1214 2139 11
1252 2123 1308 2129 -

833 2171 895 2211 ΕΙ.
956 2172 1068 2212 1058
1103 2186 1128 2211 α
1165 2172 1216 2210 12
1251 2194 1307 2200 —

833 2242 933 2283 O.C.
983 2245 1066 2284 668
1102 2257 1128 2283 α
1162 2244 1213 2283 13
1247 2266 1303 2272 -2-

215 2313 429 2367 Euripidea
458 2315 600 2366 prioris
632 2327 748 2367 quam
781 2316 1056 2355 constituimus
1090 2315 1230 2355 aetatis
1265 2315 1422 2355 9-11,

209 2387 211 2389 ’
430 2387 514 2426 Alc.
550 2388 632 2438 962
668 2401 694 2427 α
729 2390 778 2427 11
813 2388 866 2438 gl.

431 2458 549 2510 Hipp.
569 2459 655 2498 Par.
676 2455 718 2508 β’
750 2477 807 2493 =
839 2459 953 2498 Herc.
988 2460 1072 2499 353
1103 2455 1157 2498 α”
1192 2476 1248 2492 =
1281 2458 1376 2498 Hec.
1408 2460 1496 2498 444
1530 2472 1556 2498 α
1591 2459 1644 2498 10
1677 2459 1730 2509 gl.

481 2560 502 2580 ,‚
565 2531 702 2580 5256
745 2549 801 2564 =
884 2561 905 2581 ‚,
988 2532 1072 2571 353
1110 2545 1135 2570 α
1192 2548 1248 2564 =
1312 2561 1333 2581 ,‚
1407 2531 1494 2570 444
1528 2533 1556 2579 β
1621 2531 1644 2569 9
1677 2531 1730 2581 gl.

217 2603 354 2640 contra
382 2601 546 2641 alterius
582 2603 768 2643 14—20.

361 2707 388 2750 1)
414 2707 538 2742 notatu
577 2705 822 2751 dignissimum
863 2705 1024 2743 Electrae
1067 2706 1212 2742 stasima
1255 2706 1374 2741 omnia
1417 2705 1528 2741 multo
1565 2707 1722 2741 minores
1763 2705 1934 2741 exhibere

215 2775 384 2801 numeros
410 2775 516 2811 quam
541 2766 697 2801 eiusdem
723 2766 851 2802 aetatis
876 2765 1015 2802 fabulas
1041 2770 1197 2802 ceteras:

359 2862 444 2898 stae.
468 2860 539 2898 699
574 2838 602 2933 Ξ,
625 2825 670 2921 ἐξ
746 2861 836 2897 1147
865 2875 889 2898 α
914 2862 960 2898 36
986 2861 1151 2908 „Electra
1175 2862 1268 2907 zeigt
1294 2889 1302 2897 .
1318 2890 1325 2897 .
1342 2890 1349 2898 .
1364 2861 1615 2899 archaistische
1641 2862 1764 2907 ziige⁴‘.

362 2944 390 2990 ¹)
415 2945 462 2981 cf.
483 2944 589 2981 etiam
611 2944 834 2991 longissimas
852 2944 1074 2991 Hypsipylae
1092 2946 1254 2991 strophas
1270 2946 1344 2981 The
1363 2945 1602 2991 Oxyrynchus
1611 2945 1743 2991 Papyri
1756 2945 1810 2981 VI
1826 2956 1860 2991 p.
1875 2946 1931 2983 35.
