2190 3334
943 210 1236 252 -11-

236 331 390 383 μέτρον
427 327 654 383 τροχαικὸν
697 327 952 382 πρόσφορον
990 329 1059 381 τῆι
1098 329 1186 369 τῶν
1223 325 1474 369 διωκόντων
1507 329 1694 380 σπουὸἤι
1715 330 1877 370 ,ταῦτα
1908 330 1951 369 δὲ

235 410 374 444 ποιεέν
405 399 582 443 εἰώθασι
614 401 672 455 (J)
706 402 747 441 οἱ
785 402 874 441 τῶν
911 398 1141 453 ὁραμάτων
1173 403 1346 452 ποιηταὶ
1378 402 1558 449 κωμικοὶ
1590 403 1659 440 καὶ
1690 402 1882 453 τραγικοὶ
1912 405 1952 440 et

235 487 273 527 q.
295 487 338 527 8.,
369 475 592 515 coniectura
621 474 704 513 sola
734 473 946 524 disceptari
977 485 1055 513 non
1087 476 1228 524 potest.

377 546 584 587 redeamus
613 545 662 585 ad
695 534 958 584 Aristotelem.
1019 548 1144 593 restat
1181 544 1286 584 enim
1318 544 1496 596 quaestio
1528 556 1599 583 cur
1628 545 1818 595 paredum
1849 544 1952 584 desi-

235 618 416 669 gnaverit
445 613 624 670 πρώτην
645 616 786 667 λέξιν
809 615 958 668 χοροῦ,
993 617 1198 656 Stasimum
1224 615 1375 665 μέλος
1404 619 1553 668 χοροῖ,
1588 616 1771 667 quoniam
1792 619 1953 667 accepta

234 687 370 729 nostra
399 689 722 740 interpretatione
763 689 882 728 etiam
913 688 1085 740 parodus
1117 688 1292 728 vocanda
1328 691 1390 727 est
1421 700 1474 727 ex
1504 688 1699 727 sententia
1730 688 1952 727 Aristotelis

234 761 372 814 μέλος,
403 760 476 800 sed
505 761 632 810 μέλος
662 761 767 812 quod
799 760 967 800 subinde
996 761 1141 800 habeat
1170 763 1403 811 anapaestos
1428 759 1494 798 vel
1518 762 1643 798 totum
1676 771 1728 799 ex
1758 759 1817 798 eis
1847 771 1953 798 com-

236 833 411 884 positum
443 833 505 872 sit.
567 832 709 884 quodsi
739 833 993 872 Aristotelem
1026 832 1114 871 ideo
1145 843 1263 871 usum
1296 843 1386 870 esse
1417 843 1512 870 voce
1543 830 1653 880 λέξις
1693 834 1738 869 ut
1780 843 1953 882 compre-

237 904 434 944 henderet
463 907 503 943 et
532 907 766 955 anapaestos
797 907 838 944 et
867 905 1015 954 lyricos
1046 915 1188 943 versus
1220 904 1283 942 vel
1314 904 1420 943 solos
1439 903 1680 954 significaret
1709 906 1953 955 anapaestos,

236 975 399 1026 cogitari
429 976 578 1027 nequit,
609 988 688 1015 non
718 976 768 1015 ad
800 988 984 1016 numeros
1015 975 1277 1026 designandos
1315 975 1385 1014 sed
1415 975 1464 1014 ad
1497 975 1652 1014 dicendi
1683 986 1809 1024 genus
1840 987 1953 1013 accu-

236 1048 362 1087 ratius
392 1048 659 1087 definiendum
691 1049 766 1087 hoc
787 1049 953 1087 verbum
973 1060 1065 1087 eum
1084 1059 1300 1098 usurpasse
1319 1046 1567 1086 crediderim.
1629 1058 1706 1097 quo
1724 1058 1815 1086 cum
1836 1047 1954 1085 etiam

239 1119 422 1170 designet
440 1120 678 1159 cotidianum
710 1123 829 1171 atque
859 1120 1065 1170 vulgarem
1098 1131 1319 1159 sermonem
1350 1116 1418 1172 (cf.
1440 1119 1555 1158 Rhet.
1575 1118 1660 1167 ΙΙΙ.,
1694 1119 1719 1158 8
1744 1114 1877 1158 140610
1897 1119 1952 1158 32

239 1177 266 1232 ὅ
296 1190 449 1240 ἴαμβος
482 1187 590 1243 αὐτή
623 1190 737 1231 ἐστιν
769 1188 794 1244 ἣ
826 1191 966 1242 λέξις
998 1187 1023 1243 ἡ
1057 1190 1146 1231 τῶν
1176 1189 1351 1231 πολλῶν
1375 1192 1420 1230 A.
1446 1203 1485 1242 p.
1518 1203 1550 1229 c.
1585 1191 1639 1229 22
1674 1189 1719 1229 ἐν
1743 1196 1831 1238 τοῖς
1865 1190 1954 1238 ἰαμ-

237 1265 366 1312 βείοις
400 1260 467 1304 διὰ
494 1258 545 1303 τὸ
577 1256 642 1303 ὅτι
673 1259 854 1312 μάλιστα
886 1264 1032 1313 λέξιν
1062 1267 1279 1312 μιμεῖσθαι
1311 1266 1446 1302 ταῦτα
1485 1258 1683 1311 ἁρμόττει
1727 1260 1816 1301 τῶν
1857 1258 1954 1301 ὀνο-

236 1331 397 1385 μάτων,
432 1329 551 1383 οσοις
581 1332 663 1375 κᾶν
694 1335 741 1375 ἐν
781 1330 915 1389 [όσοις
946 1334 1050 1387 ΑΙᾱ.]
1092 1332 1238 1385 λόγοις
1280 1349 1344 1383 τις
1383 1329 1608 1388 χρήσαιτο)
1653 1334 1716 1373 vel
1756 1334 1953 1385 dialogum

237 1402 467 1446 histrionum
501 1407 563 1459 (A.
595 1420 634 1458 p.
666 1410 694 1447 4
714 1400 777 1448 τὸ
807 1408 884 1456 μὲν
916 1420 1092 1459 πρωτον
1123 1407 1404 1458 τετραμέτρωι
1436 1404 1639 1457 ἐχρῶντο,
1684 1405 1871 1455 λέξεως
1912 1405 1955 1444 δὲ

239 1478 464 1531 γενομένης
496 1474 604 1531 αὐτὴ
639 1475 664 1530 ἡ
700 1474 828 1529 φύσις
858 1475 910 1519 τὸ
942 1479 1099 1519 οἰκεῖον
1128 1479 1284 1530 μέτρον
1316 1471 1425 1530 εὗρε,
1461 1474 1642 1525 μάλιστα
1675 1473 1757 1529 γὰρ
1795 1480 1956 1517 λεκτι-

237 1546 330 1591 κὸν
349 1549 439 1591 τῶν
462 1550 630 1603 μέτρων
649 1547 700 1591 τὸ
721 1545 913 1600 ἰαμβεῖόν
932 1549 1074 1603 ἐστιν),
1095 1551 1286 1602 paredum
1309 1562 1410 1601 quae
1430 1549 1536 1589 haud
1556 1562 1643 1589 raro
1663 1549 1956 1600 simplicissima

237 1626 299 1662 est
330 1620 450 1675 ῥῆσις
480 1624 704 1676 coryphaei,
736 1623 857 1662 veluti
887 1623 928 1662 in
949 1622 1086 1676 Suppl.
1109 1623 1217 1662 Pers.
1239 1623 1394 1672 Aesch.,
1426 1622 1521 1661 Hec.
1543 1621 1648 1671 Eur„
1679 1621 1742 1660 vel
1775 1621 1955 1671 dialogus

237 1694 340 1734 inter
369 1695 601 1735 histrionem
632 1698 751 1747 atque
782 1696 1050 1746 coryphaeum
1083 1695 1162 1744 (vel
1192 1695 1382 1747 chorum),
1414 1695 1486 1733 hac
1517 1694 1567 1733 dc
1598 1705 1716 1733 causa
1746 1692 1860 1742 λέξιν
1890 1705 1956 1731 vo-

237 1771 365 1837 catam
396 1779 486 1807 esse
515 1768 564 1807 ab
595 1767 807 1807 Aristotele
838 1767 1009 1806 concedo
1040 1766 1283 1806 Detscheffio
1315 1766 1366 1817 (p.
1400 1764 1483 1817 21).

380 1839 478 1879 haec
520 1839 554 1878 si
603 1851 696 1879 vere
739 1839 936 1890 disputata
979 1842 1084 1888 sunt,
1130 1838 1387 1890 principalem
1433 1838 1602 1877 assecuti
1653 1848 1792 1876 sumus
1845 1836 1957 1876 verbi

238 1911 389 1950 stasimi
429 1911 772 1962 significationem3
820 1923 973 1950 errores
1009 1914 1142 1951 autem
1182 1910 1523 1960 grammaticorum
1566 1907 1803 1948 Graecorum
1842 1908 1958 1947 casti-

236 1994 330 2033 gare
374 1983 439 2022 vel
484 1983 642 2023 omnino
687 1983 932 2022 conscribere
976 1988 1095 2034 atque
1146 1994 1380 2032 componere
1429 1982 1484 2020 nil
1534 1981 1685 2020 attinet.
1737 1992 1834 2031 quos
1866 1992 1957 2019 con—

239 2057 317 2094 stat
355 2055 455 2094 falso
493 2056 773 2106 interpretatos
813 2067 948 2094 vocem
989 2054 1153 2104 stasimi,
1201 2066 1278 2105 qua
1326 2065 1484 2092 carmen
1534 2053 1638 2104 quod
1679 2053 1823 2092 chorus
1864 2064 1955 2091 can-

238 2129 340 2166 taret
383 2130 494 2166 stans
533 2127 575 2166 in
619 2127 820 2166 orchestra
863 2139 941 2167 non
985 2127 1135 2166 saltans
1179 2126 1395 2176 significari
1437 2125 1691 2172 coniciebant,
1738 2124 1959 2163 seiunxisse

241 2183 422 2247 στάσιμα
460 2202 580 2251 atque
619 2194 913 2250 ὑπορχήματα.
977 2198 1095 2237 huius
1139 2197 1337 2237 doctrinae
1380 2197 1493 2236 cuius
1546 2195 1733 2235 nonnulla
1775 2195 1959 2247 exempla

239 2271 436 2321 congessit
467 2270 734 2310 Detscheffius
776 2283 815 2322 p.
850 2268 998 2324 28J29‚
1041 2270 1130 2321 quis
1173 2272 1310 2308 auctor
1353 2269 1416 2316 sit,
1459 2268 1633 2307 nondum
1671 2268 1827 2307 videtur
1868 2279 1959 2307 esse

239 2342 475 2394 quaesitum,
511 2343 554 2382 id
585 2343 690 2394 quod
727 2355 801 2393 ego
832 2342 990 2394 quidem
1023 2354 1211 2394 quaerere
1241 2341 1361 2392 desii3
1404 2340 1624 2380 rectissime
1657 2340 1762 2379 enim
1800 2340 1961 2391 scripsit

240 2413 567 2454 Wilamowitzius
604 2414 697 2454 Her.
712 2414 727 2439 1
763 2416 816 2454 76
831 2414 888 2453 3⁵⁵:
933 2426 1011 2453 von
1053 2414 1143 2453 dem
1189 2425 1271 2452 was
1315 2412 1378 2451 die
1418 2412 1633 2451 modernen
1679 2411 1806 2462 (velut
1837 2411 1958 2461 Muff„

240 2486 431 2534 Arnoldt„
462 2487 534 2526 sed
565 2486 682 2526 etiam
715 2486 875 2535 Christ.⁷
907 2485 1141 2535 Gleditsch.)
1181 2485 1450 2535 hyporchema
1479 2496 1634 2541 nennen
1665 2483 1746 2522 und
1778 2496 1810 2522 z,
1842 2483 1886 2522 B.
1917 2483 1960 2521 in

240 2557 319 2596 den
349 2558 553 2609 tragikern
585 2569 629 2597 so
660 2558 912 2607 bezeichnen,
954 2558 1007 2596 ist
1038 2557 1170 2596 nichts
1199 2556 1336 2595 weder
1373 2555 1601 2595 fiberliefert
1639 2555 1741 2594 noch
1781 2567 1831 2593 an
1873 2554 1959 2593 sich

241 2629 470 2686 berechtigt.
532 2630 663 2669 omnia
692 2630 799 2669 enim
824 2641 926 2682 quae
953 2629 1124 2680 legimus
1147 2624 1328 2676 στάσιμα
1347 2627 1523 2667 vocanda
1543 2631 1636 2666 sunt
1657 2621 1954 2678 ὑπορχήματα.

385 2713 457 2741 nos
477 2714 570 2742 vero
590 2701 631 2740 in
652 2702 897 2741 choricorum
917 2702 1083 2740 formam
1101 2704 1220 2752 atque
1248 2699 1570 2751 compositionem
1597 2698 1822 2750 inquisituri
1843 2698 1957 2737 stasi-

242 2786 352 2814 mum
395 2773 578 2827 dicimus,
623 2773 877 2813 Aristotelem
915 2773 1052 2822 secuti,
1090 2785 1249 2812 carmen
1279 2784 1304 2811 a
1334 2771 1483 2821 tragico
1516 2771 1634 2809 choro
1666 2770 1748 2809 solo
1780 2770 1871 2821 (non
1911 2770 1959 2809 ab

242 2845 498 2886 histrionibus
528 2848 568 2885 et
597 2842 735 2898 choro)
767 2848 966 2885 cantatum
999 2844 1104 2896 quod
1135 2857 1188 2884 ex
1219 2843 1359 2894 lyricis
1389 2842 1651 2893 compositum
1677 2845 1737 2880 est
1767 2841 1960 2890 versibus,

242 2932 372 2972 neque
403 2928 631 2968 separamus
655 2929 680 2956 a
703 2914 902 2956 ‘stasimis'
930 2916 1098 2967 parodos
1123 2915 1286 2966 lyricas,
1317 2915 1426 2965 ipsas
1458 2925 1614 2965 quoque
1648 2907 1826 2961 στάσιμα
1856 2913 1958 2963 μέλη
