2210 3340
981 219 1271 260 ..44-

560 339 719 378 caedem
758 338 1078 389 Clytaemestrae)
1123 362 1178 368 —
1223 338 1315 378 Eur.
1363 339 1444 377 Alc.
1492 338 1574 377 213
1622 337 1758 388 Suppl.
1798 338 1880 377 778
1918 337 1978 378 El.

565 411 675 449 1147
711 411 814 461 (ante
845 411 1005 450 caedem
1036 409 1355 460 Clytaemestrae)
1369 407 1403 463 1)
1437 432 1491 437 —-
1527 409 1559 448 ὁ.

493 481 529 519 2.
560 485 669 520 ante
706 483 1062 532 catastropham
1099 482 1175 521 vel
1213 481 1414 521 exodum
1450 480 1714 531 tragoediae
1750 477 1888 534 (Soph.
1918 479 1978 519 ΕΙ.

563 554 687 592 1384.
725 553 815 592 Eur.
847 553 907 592 El.
943 554 1052 592 1147
1092 554 1168 592 1100
1204 565 1359 604 01100110
1394 553 1478 592 1000
1509 548 1735 603 afferenda).

490 624 592 663 Aiax
645 625 727 663 693
789 625 932 663 01101110
982 618 1211 675 ὑπόρχημα
1253 623 1356 674 011οᾱ
1413 623 1547 662 dicunt
1600 623 1718 662 habet
1767 626 1980 672 antequam

560 694 809 733 tristissimus
839 695 888 734 de
920 693 1053 733 Aiacis
1083 697 1209 733 morte
1240 694 1401 732 nuntius
1431 693 1614 732 adveniat
1627 694 1669 742 2).

490 764 533 805 Ο.
541 766 587 805 R.
599 768 619 804 1
626 767 680 805 08
687 767 709 805 6
720 766 915 804 canticum
924 765 1036 805 laetis
1048 765 1203 815 insigne
1214 764 1418 804 sententiis
1428 777 1505 816 quo
1515 765 1564 804 de
1573 764 1692 803 nobili
1702 762 1839 814 Oedipi
1848 763 1979 813 agitur

559 839 652 875 natu
670 839 879 887 antequam
897 836 1211 875 infelicissimum
1234 848 1322 875 eum
1347 847 1435 874 esse
1453 835 1664 886 comperiat
1688 835 1841 874 chorus.
1862 856 1922 862 —
1942 833 1977 873 ὁ.

490 906 588 946 QG.
623 909 735 946 1556
768 907 875 945 chori
905 919 976 958 pro
995 906 1142 957 Oedipo
1173 907 1223 946 ad
1252 907 1400 946 inferos
1419 905 1678 945 descendente
1697 905 1866 956 precatio
1886 907 1978 944 ante

560 978 731 1017 exodum
759 978 925 1017 fabulae.
958 1000 1011 1006 --
1049 977 1082 1016 ὁ.

488 1048 580 1087 Eur.
611 1049 757 1089 Phoen.
793 1049 904 1087 1282
937 1052 1027 1087 ante
1058 1048 1208 1087 exitum
1238 1048 1391 1086 fabulae
1423 1070 1479 1076 —-
1511 1047 1544 1086 ὃ.

417 1119 538 1169 igitur
574 1130 673 1169 quae
710 1119 757 1157 de
794 1119 995 1169 Euripidis
1030 1119 1228 1170 astrophis
1258 1118 1513 1169 exposuimus
1543 1117 1718 1166 canticis,
1754 1117 1892 1156 eadem
1926 1116 1977 1157 de

274 1189 336 1228 his
382 1189 546 1229 dicenda
593 1190 824 1240 praesertim
875 1202 966 1228 cum
1014 1202 1115 1240 quae
1161 1189 1291 1229 sexies
1332 1188 1556 1241 (quinquies
1595 1201 1632 1239 p.
1667 1189 1735 1238 24,
1776 1187 1899 1227 semel
1936 1199 1976 1239 p.

277 1259 349 1312 25)
381 1261 464 1299 illic
494 1265 626 1300 notata
656 1264 716 1299 est
747 1272 884 1300 scaena
916 1261 1129 1310 (choricum
1149 1260 1355 1299 minimum
1386 1263 1564 1299 cantatur
1587 1259 1681 1298 dum
1700 1258 1842 1298 accidit
1865 1261 1978 1298 extra

275 1343 456 1370 scaenam
499 1332 603 1382 quod
644 1332 921 1382 gravissimum
964 1335 1025 1371 est
1066 1332 1116 1371 ad
1146 1329 1368 1385 actionem),
1405 1331 1471 1370 hic
1507 1330 1567 1369 bis
1597 1330 1811 1380 reperiatur
1841 1328 1975 1382 (Soph.

274 1402 334 1441 El.
369 1403 482 1442 1384
519 1402 611 1441 Eur.
644 1403 702 1442 El.
739 1403 877 1453 1147),
916 1415 1042 1454 neque
1079 1402 1235 1441 omnino
1272 1414 1390 1441 causa
1425 1405 1554 1452 potest
1589 1401 1719 1440 afferri
1755 1412 1825 1440 cur
1861 1400 1976 1439 Euri·

274 1473 385 1524 pides
422 1474 488 1512 1110
519 1474 715 1524 strophico
757 1474 838 1512 11110
880 1474 1064 1525 astropho
1106 1486 1203 1512 usus
1246 1474 1298 1512 sit
1340 1474 1402 1512 vel
1439 1485 1510 1512 cur
1541 1472 1753 1523 Sophocles
1789 1471 1977 1522 astropha

274 1556 467 1595 nusquam
504 1545 762 1595 usurpaverit.
800 1567 858 1573 -—-
894 1546 991 1584 haec
1027 1557 1118 1584 vero
1149 1545 1309 1583 minima
1339 1544 1508 1583 carmina
1548 1543 1719 1594 strophis
1762 1543 1976 1594 composita

274 1615 337 1654 vel
374 1627 419 1654 eo
456 1615 642 1654 differunt
679 1629 701 1654 a
732 1617 871 1655 ceteris
904 1616 1085 1666 stasimis,
1116 1616 1219 1667 quod
1250 1615 1496 1665 generalibus
1527 1613 1732 1653 sententiis
1761 1625 1977 1664 numquam¹

273 1686 356 1725 fere
392 1689 526 1725 ornata
562 1687 625 1726 vel
661 1687 821 1726 brevem
857 1690 1011 1726 tantum
1048 1687 1155 1726 chori
1191 1686 1452 1737 precationem
1489 1685 1687 1725 continent
1721 1684 1784 1724 vel
1815 1684 1975 1724 choreu-

273 1760 402 1796 tarum
431 1758 596 1796 affectus
625 1758 765 1797 leviter
795 1758 1021 1808 depingunt.

415 1843 549 1879 contra
590 1840 798 1891 Euripides
848 1840 956 1879 solus
1006 1840 1156 1879 ultimis
1201 1841 1295 1879 solis
1337 1840 1578 1890 temporibus
1619 1850 1740 1878 ausus
1783 1841 1844 1878 est
1884 1837 1974 1877 aliis

274 1922 428 1961 quoque
465 1911 683 1950 fabularum
725 1911 822 1950 locis
861 1923 1006 1962 ponere
1048 1911 1220 1950 carmina
1262 1923 1362 1962 quae
1405 1910 1571 1960 singulis
1606 1912 1760 1948 tantum
1795 1911 1974 1948 constent

272 1982 431 2031 paribus
469 1980 610 2033 (Orest.
651 1984 735 2021 316
767 1982 855 2033 Ipb.
887 1982 929 2021 T.
965 1983 1078 2021 1234
1110 1982 1254 2021 Ρ11000.
1290 1982 1419 2033 1019)
1457 1984 1574 2032 atque
1614 1981 1809 2031 complere
1845 1979 1972 2029 longis

271 2053 556 2091 narrationibus
591 2053 641 2092 ad
671 2054 824 2092 fabulae
853 2057 1130 2103 argumentum
1159 2053 1320 2092 minime
1352 2052 1615 2103 spectantibus
1646 2049 1749 2104 (Iph.
1781 2050 1823 2090 Τ.
1859 2050 1971 2092 1234

272 2123 417 2162 Ρ11000.
465 2124 604 2173 1019).
678 2124 734 2163 sic
780 2125 952 2163 carmina
994 2125 1271 2175 monostropha
1315 2124 1564 2163 stasimorum
1606 2122 1907 2173 compositorum
1949 2132 1972 2160 e

271 2194 431 2244 paribus
464 2196 487 2233 2
521 2199 779 2245 susceperunt.
809 2208 979 2234 munera.

415 2289 537 2316 unum
580 2277 706 2316 solum
748 2291 967 2329 repugnare
1008 2278 1163 2317 videtur
1206 2278 1410 2317 stasimum
1447 2277 1605 2326 regulae
1635 2289 1659 2314 a
1688 2275 1799 2314 nobis
1829 2274 1970 2313 cousti-

271 2350 388 2398 tutae,
419 2348 742 2398 monostrophum
778 2349 869 2388 Her.
904 2350 999 2397 608,
1031 2349 1176 2400 quippe
1207 2349 1311 2400 quod
1342 2360 1466 2399 neque
1495 2350 1586 2386 ante
1618 2346 1786 2385 exodum
1815 2344 1970 2384 fabulae

418 2486 445 2530 1)
469 2486 695 2523 utilissimum
713 2489 798 2532 puto
818 2487 1005 2532 diligenter
1023 2487 1186 2522 conterre
1205 2497 1352 2522 scaenas
1377 2486 1413 2520 in
1439 2486 1565 2531 quibus
1590 2484 1772 2520 morientis
1797 2483 1969 2519 clamores

270 2544 466 2580 miscentur
490 2555 571 2580 cum
597 2547 691 2582 chori
717 2551 836 2582 cantu.
883 2546 949 2581 hoc
975 2547 1045 2582 iam
1070 2545 1252 2581 Kaibelius
1271 2546 1336 2591 (ΕΙ.
1357 2545 1442 2590 289)
1467 2543 1719 2580 animadvertit
1742 2541 1864 2581 τόπον
1890 2552 1969 2580 esse

270 2603 325 2639 bis
350 2604 502 2640 clamare
528 2605 737 2641 morientem
762 2605 861 2640 velut
887 2601 1137 2652 ὤμοι-ὦμοι
1169 2599 1256 2651 μάλ’
1285 2596 1406 2648 αὖθις.
1456 2603 1545 2639 alius
1579 2605 1634 2638 est
1666 2602 1743 2638 hic:
1777 2602 1968 2638 choi-outae

271 2663 456 2699 consilium
479 2662 610 2699 habere
635 2664 748 2700 solent
772 2667 890 2699 utrum
916 2664 1032 2709 aptius
1066 2665 1111 2699 sit
1135 2663 1305 2700 auxilium
1330 2664 1427 2699 ferre
1451 2674 1494 2698 an
1520 2672 1664 2698 manere
1701 2663 1783 2698 ante
1807 2661 1968 2707 domum;

271 2723 335 2758 sed
359 2733 499 2767 semper
517 2726 662 2758 manent
680 2723 741 2758 ubi
760 2725 860 2759 sunt:
886 2724 932 2759 cf.
951 2723 1076 2759 Aesch.
1095 2724 1160 2768 Ag.
1179 2724 1269 2759 1347
1290 2723 1382 2761 Med.
1401 2722 1492 2758 1275
1509 2722 1596 2757 Hec.
1617 2720 1707 2757 1042
1728 2720 1842 2756 Orest.
1863 2719 1967 2756 1540.

413 2783 440 2823 2)
466 2784 601 2828 optime
635 2783 740 2818 etiam
773 2783 993 2818 scholiastes:
1025 2784 1153 2830 χρείας
1187 2781 1299 2820 ἕνεκα
1331 2781 1375 2820 τὸ
1406 2781 1565 2829 χορικὸν
1600 2782 1668 2818 νῦν
1703 2781 1967 2827 παρείληπται,

272 2841 498 2885 ἐξελθόντος
535 2842 609 2889 γὰρ
649 2844 719 2879 τοῦ
756 2841 921 2886 Αἴαντος
957 2841 1034 2879 ἔδει
1075 2843 1202 2889 βραχὶχ
1239 2841 1442 2888 διάλειμμα
1479 2841 1713 2888 γενέσθαι...
1751 2839 1866 2877 ἔνθεν
1902 2839 1967 2875 καὶ

270 2900 393 2947 βραχύ
419 2901 524 2938 ἐστιν
549 2900 592 2938 τὸ
617 2900 786 2948 χορικόν.
