2210 3340
984 218 1273 260 -46—

281 336 372 374 Wil.
402 337 453 375 Is.
493 337 592 387 150)
636 349 709 376 nec
745 337 808 376 hic
846 350 943 388 quos
980 338 1071 377 olim
1105 339 1293 378 vocabant
1324 337 1659 390 dactyloepitritos
1690 337 1786 392 (nisi
1814 341 1855 380 in
1885 341 1978 382 Pro-

280 407 427 445 methei
468 409 559 446 stas.
608 407 749 458 alter.);
794 408 980 447 differunt
1021 412 1216 459 postremo
1258 410 1407 448 ambitu
1450 410 1690 460 sropharum.
1758 411 1979 462 Aeschylus

280 477 385 515 enim
414 490 438 516 a
469 478 637 528 strophis
668 490 780 517 orsus
809 491 996 530 perquam
1027 479 1184 529 exiguis
1213 480 1400 530 paulatim
1429 481 1480 519 ad
1505 481 1670 520 maiores
1694 482 1979 532 componendas

281 559 322 587 se
353 548 479 587 vertit.

422 618 492 657 sed
531 619 579 658 de
619 619 867 670 stropharum
904 620 1161 671 amplitudine
1200 621 1325 659 acturi
1365 633 1457 660 sane
1496 622 1693 662 nescimus
1724 634 1801 674 qua
1830 623 1980 663 ratione

279 700 350 727 nos
392 689 450 728 uti
489 701 588 740 opus
629 690 679 729 sit
719 690 782 729 vel
818 690 922 729 unde
960 691 1128 741 petenda
1168 691 1247 730 sint
1284 695 1514 741 argumenta
1550 697 1594 731 ut
1624 693 1830 733 fulciamus
1861 706 1980 746 quam

278 759 420 798 edituri
459 772 595 799 sumus
627 762 869 800 sententiam.
930 761 1082 812 μέτρου
1124 762 1319 813 quoddam
1363 775 1439 813 quo
1482 764 1610 802 metiri
1648 763 1763 803 liceat
1798 765 1978 816 strophas

278 830 556 871 diversissimis
577 832 833 883 procedentes
855 833 1038 882 numeris,
1064 844 1141 871 non
1166 836 1245 882 est;
1267 845 1367 883 quae
1386 834 1536 873 musica
1553 838 1636 873 arte
1655 835 1748 873 olim
1763 835 1979 886 diremptae

279 901 356 940 sint
385 906 529 952 partes,
566 903 764 942 nescimus
794 915 946 952 omnes;
985 903 1106 941 oculis
1149 903 1348 953 putaveris
1390 904 1664 944 confidendum
1707 917 1810 944 esse:
1853 910 1894 945 at
1935 906 1979 946 hi

277 972 530 1012 fallacissimi.
572 996 627 1002 -
667 974 717 1012 ad
756 974 873 1012 verba
911 973 1031 1023 igitur
1070 974 1328 1023 confugimus,
1370 975 1573 1013 verborum
1613 975 1820 1015 nonnullos
1849 976 1978 1016 daturi

278 1055 415 1082 sumus
458 1056 640 1083 numeros
679 1047 724 1082 ut
763 1044 995 1083 definiamus
1034 1045 1333 1095 amplitudinem
1374 1045 1630 1096 stropharum.
1692 1046 1763 1085 sed
1791 1059 1841 1086 ne
1869 1048 1978 1087 casui

278 1126 348 1153 nos
378 1114 528 1166 demus,
559 1127 772 1166 numquam
801 1115 1067 1154 adscribemus
1098 1115 1340 1165 singularum
1372 1117 1617 1166 stropharum
1650 1116 1720 1156 sed
1745 1129 1861 1168 quem
1881 1122 1977 1157 stro-

276 1185 443 1235 pharum
473 1198 544 1236 par
574 1186 856 1236 perlustrantes
885 1186 1053 1224 assecuti
1085 1197 1221 1225 sumus
1252 1187 1458 1225 verborum
1488 1199 1705 1226 numerum.

420 1259 460 1294 at
478 1257 720 1306 Aeschyleos
751 1268 932 1295 numeros
964 1256 1157 1307 siquidem
1188 1260 1268 1295 tam
1299 1257 1448 1296 incerta
1478 1258 1606 1296 solent
1634 1269 1722 1297 esse
1752 1259 1868 1298 verba
1895 1271 1977 1298 car-

277 1327 425 1366 minum
456 1330 501 1366 ut
531 1328 604 1366 hac
634 1327 791 1378 quidem
822 1327 969 1366 ratione
999 1327 1155 1365 firmum
1187 1328 1402 1367 sententiae
1432 1328 1729 1368 fundamentum
1759 1329 1885 1369 iacere
1908 1330 1977 1369 vix

275 1399 485 1449 possimus,
517 1398 758 1437 conscribere
788 1398 874 1448 ipse
905 1410 1056 1448 vereor-3
1093 1398 1196 1449 quod
1227 1410 1319 1437 vero
1349 1398 1399 1437 ad
1425 1398 1626 1449 Sophoclis
1650 1399 1819 1450 pertinet
1841 1404 1976 1450 artem,

276 1469 372 1508 mihi
403 1469 559 1520 quidem
599 1472 644 1508 ut
684 1469 879 1508 diversam
919 1469 1107 1508 rationem
1148 1469 1420 1520 compingendi
1460 1470 1641 1521 strophas
1680 1470 1846 1510 diversis
1881 1472 1976 1511 artis

275 1539 361 1578 eius
391 1541 581 1579 aetatibus
612 1540 900 1592 constituerem,
931 1552 1007 1579 non
1029 1540 1209 1590 contigit:
1241 1540 1281 1578 in
1299 1539 1423 1580 Aiace
1455 1541 1576 1579 multo
1607 1541 1801 1591 longiores
1830 1543 1977 1594 reperi-

275 1614 395 1649 untur
426 1611 607 1662 strophae
637 1623 753 1662 quam
784 1611 826 1649 in
845 1611 994 1660 Trach„
1026 1611 1066 1649 in
1085 1610 1129 1650 O.
1142 1610 1183 1650 G.
1215 1623 1314 1662 quae
1335 1612 1465 1650 fabula
1484 1611 1633 1650 ultimis
1654 1611 1974 1663 Sophoclistem-

274 1682 433 1732 poribus
481 1682 729 1721 attribuenda
778 1685 838 1721 est
884 1682 1008 1720 multo
1057 1681 1180 1731 magis
1229 1682 1458 1732 magnificae
1505 1694 1622 1733 quam
1665 1683 1705 1721 in
1748 1682 1974 1723 Trachiniis

274 1752 406 1803 itaque
444 1756 562 1803 prout
599 1756 714 1803 aptae
755 1753 986 1791 videbantur
1025 1753 1230 1791 sententiis
1269 1753 1395 1791 modis
1434 1753 1623 1802 numeris,
1662 1753 1774 1792 modo
1811 1754 1976 1794 maiores

274 1824 389 1862 modo
428 1824 599 1862 minores
638 1823 810 1862 condidit
852 1823 1041 1873 strophas.
1101 1826 1142 1862 at
1181 1823 1388 1874 Euripides
1428 1824 1568 1862 mirum
1605 1836 1722 1874 quam
1753 1827 1899 1864 certam
1928 1836 1975 1864 ac

275 1894 477 1933 definitam
514 1895 588 1933 sibi
624 1894 869 1933 constituerit
898 1894 1036 1944 legem,
1073 1895 1198 1944 magis
1235 1895 1350 1933 etiam
1389 1895 1530 1933 mirum
1573 1895 1677 1946 quod
1712 1898 1802 1946 post
1829 1907 1974 1935 annum

274 1966 361 2004 420
394 1965 462 2015 qui
491 1977 615 2004 annus
647 1965 802 2004 omnino
832 1965 1088 2014 gravissimus
1119 1969 1181 2004 est
1209 1965 1260 2004 ad
1289 1969 1412 2004 artem
1437 1966 1522 2004 eius
1549 1968 1653 2004 recte
1670 1965 1972 2016 intellegendam

276 2035 338 2086 (cf.
370 2035 578 2075 Dieterich.
610 2036 695 2074 PW
718 2037 844 2085 1269)
875 2036 992 2086 plane
1023 2036 1275 2074 commutavit
1304 2037 1493 2075 rationem
1523 2036 1790 2086 componendi.
1842 2036 1973 2076 videas

274 2106 370 2157 ipse.
431 2118 604 2157 propono
636 2107 707 2145 tibi
737 2107 944 2146 verborum
975 2118 1157 2145 numeros
1188 2119 1285 2158 quos
1316 2107 1470 2156 singula
1500 2091 1697 2157 continent
1726 2107 1972 2147 stasimorum

274 2177 381 2228 paria
413 2178 659 2228 stropharum
696 2178 750 2216 ita
787 2190 839 2216 ex
877 2177 1041 2227 singulis
1078 2177 1221 2216 fabulis
1251 2177 1376 2216 electa
1407 2181 1451 2215 ut
1479 2189 1552 2216 nec
1581 2189 1723 2227 magno
1753 2189 1823 2216 nec
1851 2189 1973 2228 parvo

274 2248 423 2287 ambitu
453 2248 621 2298 insignia
651 2248 863 2298 plurimum
894 2248 1178 2298 minimumque
1209 2248 1325 2286 simul
1350 2248 1506 2290 tradant
1526 2259 1735 2287 numerum
1754 2248 1994 2287 verborum.-

417 2342 436 2381 Ῑ
598 2376 685 2416 Aio.
720 2378 802 2416 962
842 2343 956 2460 {⁸1ss
1073 2377 1192 2415 Andr.
1227 2378 1311 2416 274
1350 2356 1378 2460 Ξ
1409 2343 1466 2452 ἓξ
1599 2377 1699 2416 Med.
1734 2378 1818 2416 824
1855 2355 1884 2460 Ξ
1915 2343 1969 2452 ἓξ

597 2531 687 2571 Her.
722 2531 804 2569 748
843 2508 870 2612 Ξ
902 2494 956 2604 ἓξ
1075 2530 1192 2581 Hipp.
1227 2531 1311 2568 524
1348 2508 1377 2612 Z
1408 2496 1463 2604 ἒξ
1606 2530 1698 2569 Heo.
1732 2531 1815 2569 629
1853 2508 1882 2613 Z
1913 2495 1969 2605 {ss

1047 2683 1187 2734 Suppl.
1222 2683 1304 2722 955
1348 2661 1376 2766 Ξ
1407 2649 1462 2757 ἓξ

415 2826 455 2864 Π
592 2861 801 2900 Her0.637
843 2839 869 2864 α
903 2826 955 2865 ⁷⁰
1056 2860 1191 2900 Troad.
1225 2862 1306 2899 511
1350 2838 1375 2864 α
1409 2826 1463 2863 64
1535 2859 1678 2910 1p11.'r.
1705 2860 1814 2898 1089
1855 2837 1880 2863 α
1913 2825 1964 2862 ⁶¹

841 2898 955 2944 1348
1347 2897 1462 2943 365
1850 2894 1965 2941 356
