2190 3334
980 215 1244 256 ..7-

400 349 472 377 nos
504 337 563 377 sic
580 336 779 388 progressi
798 347 946 375 sumus.
1009 334 1216 374 Stasimum
1237 335 1468 374 definitione
1490 335 1726 374 Aristotelea
1747 345 1823 373 non
1843 336 1972 385 potest

255 419 355 449 esse
379 408 603 460 oppositum
633 407 791 459 parodo‚
822 406 1047 458 oppositum
1078 407 1204 456 igitur
1233 410 1294 445 est
1323 406 1488 445 alterius
1519 406 1665 445 formae
1695 404 1870 445 carmini.

403 475 608 528 στάσιμον
636 473 762 527 μέλος
792 478 940 530 χοροῦ,
982 474 1032 518 τὸ
1070 472 1171 518 ἄνευ
1212 473 1476 517 ἀναπαίστου
1512 478 1582 516 καὶ
1620 478 1835 528 τροχαίου.
1899 477 1972 515 hoc

254 552 327 603 qui
356 551 551 591 audiverit
588 550 737 601 legisse
775 550 988 589 affirmabit
1018 550 1271 589 Aristotelem
1312 550 1484 589 carmina
1521 548 1677 588 chorica
1717 547 1973 599 anapaesticis

257 622 490 673 systematis
520 622 810 661 tetrametrisve
840 622 1035 661 instructa
1059 621 1159 672 ipsis
1179 633 1336 672 quoque
1354 620 1527 660 recitatis
1547 620 1611 659 vel
1632 619 1796 659 cantatis
1815 632 1839 658 a
1856 619 1973 659 choro

256 698 340 734 toto
370 705 472 745 quae
502 705 573 744 pro
604 693 777 732 stasimis
807 693 943 732 haberi
967 693 1105 732 vetuit.
1127 715 1186 721 —
1204 697 1325 744 atque
1355 692 1432 743 ipsi
1463 703 1535 731 nos
1565 691 1658 731 talia
1682 690 1852 741 legimus
1882 702 1972 730 can-

256 765 335 805 tica
364 764 408 804 in
437 764 650 816 tragoediis
682 763 853 804 Graecis.
1326 810 1330 821 -.

401 835 576 888 Choeph.
611 837 696 876 719
730 835 1017 886 Clytaemestra
1057 839 1098 875 et
1135 835 1274 875 Oreste
1314 847 1336 875 e
1377 847 1521 875 scaena
1559 834 1730 885 egressis
1770 838 1815 873 ut
1850 845 1974 885 pausa

253 899 464 960 expleatur
493 908 544 948 ad
573 908 768 948 actionem
799 908 955 947 fabulae
986 908 1218 960 necessaria,
1250 907 1511 958 coryphaeus:

717 977 807 1030 εἶὲν,
838 979 977 1031 inquit,
1010 981 1145 1028 φίλιαι
1178 978 1355 1027 ὁμωίὸες
1387 977 1529 1027 οἴκων,

830 1046 933 1090 πότε
968 1046 1016 1101 ὀὴ
1054 1046 1277 1098 στομάτων

719 1122 905 1172 δείξομεν
939 1119 1062 1172 ἰσχὺν
1092 1118 1154 1161 ἐπ’
1191 1119 1388 1174 Ὀρέστηι;

253 1207 360 1247 quae
373 1195 492 1235 verba
504 1194 757 1246 subsequitur
769 1206 846 1233 non
858 1190 1105 1246 ‘stasimum’‚
1120 1193 1190 1233 sed
1209 1193 1501 1244 anapaesticum
1515 1196 1689 1243 systema
1703 1191 1970 1246 (722—729)

255 1267 380 1307 totius
404 1266 514 1306 chori
543 1265 608 1305 vel
639 1266 845 1305 sententiis
877 1265 1031 1305 stasimi
1062 1265 1320 1304 simillimum.
1348 1288 1406 1293 -—
1431 1269 1586 1316 praeter
1609 1265 1684 1304 hoc
1705 1264 1857 1304 stasimi
1875 1264 1971 1312 loco,

255 1338 298 1378 id
328 1344 390 1378 est
419 1343 509 1390 post
538 1337 687 1378 abitum
716 1338 920 1377 histrionis
950 1341 1069 1389 atque
1090 1342 1181 1377 ante
1199 1337 1402 1377 introitum
1422 1337 1595 1387 alterius,
1626 1337 1702 1376 tria
1721 1336 1973 1388 reperiuntur

254 1411 431 1451 carmina
460 1409 729 1462 anapaestica:

662 1481 834 1532 Choeph.
869 1482 952 1521 855
1016 1482 1090 1531 Ag.
1126 1482 1237 1520 1331
1302 1480 1405 1520 Med.
1440 1481 1566 1520 1081.

253 1566 358 1606 quae
388 1565 460 1593 cur
489 1553 705 1604 composita
736 1553 815 1592 sint
844 1566 869 1593 a
897 1553 1026 1604 poetis
1059 1565 1150 1592 cum
1181 1552 1257 1592 alio
1289 1551 1577 1591 dissertationis
1617 1551 1702 1591 loco
1742 1550 1795 1604 (p.
1829 1549 1900 1602 24)
1931 1550 1973 1589 in

257 1626 391 1666 animo
412 1625 465 1665 sit
485 1637 685 1678 quaerere,
715 1629 756 1664 et
787 1629 890 1664 stare
921 1636 993 1676 pro
1025 1624 1198 1664 stasimis
1229 1628 1269 1663 et
1300 1624 1420 1663 totius
1439 1635 1526 1663 esse
1547 1623 1657 1663 chori
1674 1623 1780 1662 ultro
1798 1627 1972 1673 apparet.

257 1710 349 1738 nam
370 1697 563 1737 canticum
579 1696 752 1748 Choeph.
769 1698 973 1737 855—68
997 1696 1137 1747 prioris
1157 1696 1266 1735 illius
1286 1696 1349 1735 vel
1370 1699 1603 1746 argumento
1620 1707 1812 1747 perquam
1833 1693 1972 1743 simile,

255 1769 439 1821 quamvis
470 1769 506 1808 ei
537 1780 615 1808 non
645 1768 878 1820 proludatur
908 1768 1040 1808 verbis
1071 1768 1295 1819 coryphaei,
1332 1767 1470 1807 eadem
1500 1767 1653 1807 ratione
1683 1766 1890 1806 recitatum
1922 1765 1974 1804 sit

255 1852 420 1881 necesse
450 1844 511 1880 est
542 1852 618 1892 qua
648 1840 766 1889 illud3
809 1842 882 1891 Ag.
920 1840 1152 1879 1331—42
1186 1839 1351 1879 chorum
1391 1840 1546 1888 habere,
1586 1851 1665 1878 non
1704 1838 1972 1890 coryphaeum

256 1925 330 1964 per
368 1912 589 1963 analogiam
631 1916 737 1951 esset
777 1911 1104 1964 concludendum,
1146 1911 1222 1950 nisi
1261 1911 1510 1950 clauderetur
1548 1911 1747 1950 canticum
1786 1922 1822 1949 v.
1858 1910 1971 1949 1344

581 1976 703 2034 σῖγα·
723 1986 783 2032 τίς
815 1979 986 2035 πληγὴν
1018 1979 1138 2024 ἀυτεῖ
1164 1985 1340 2035 καιρίως
1371 1976 1653 2034 οὐτασμένος;

253 2068 376 2108 quem
412 2056 625 2107 coryphaei
668 2067 768 2108 esse,
812 2055 922 2095 chori
965 2059 1123 2095 cantum
1166 2055 1502 2106 interrumpentis,
1545 2055 1681 2094 multis
1721 2054 1973 2094 confirmatur

254 2127 454 2180 exemplis
485 2125 554 2181 (cf.
584 2127 676 2166 Wil.
707 2127 801 2167 Her.
833 2127 876 2167 Π
906 2140 945 2179 p.
977 2128 1049 2177 38)
1080 2127 1206 2167 veluti
1236 2126 1343 2178 Sept.
1377 2129 1460 2167 861

685 2194 796 2239 ἀλλὰ
830 2194 911 2250 γὰρ
947 2192 1091 2251 ἥκουᾶ
1127 2195 1208 2238 αἵδ’
1242 2197 1309 2239 ἐπὶ
1341 2197 1505 2250 πρᾶγος

686 2266 841 2322 πικρὸν
872 2267 1081 2322 Ἀντιγόνη
1116 2267 1151 2310 τ’
1186 2267 1254 2322 ἠδ’
1289 2267 1451 2322 Ἰσμήνη
1475 2302 1484 2311 .
1502 2302 1510 2311 .
1529 2302 1538 2311 .

257 2331 321 2371 vel
353 2330 496 2370 Bacch.
531 2331 644 2371 1165

502 2398 595 2444 ἀλλ’
628 2400 786 2454 εἰσορῶ
813 2398 895 2454 γὰρ
927 2402 983 2450 εἰς
1017 2397 1173 2451 δόμους
1206 2398 1461 2454 ὁρμωμένην

500 2470 704 2521 Πενθέως
734 2470 911 2525 Ἀγαύην
929 2505 938 2514 .
959 2506 967 2514 .
986 2505 1009 2523 .,

501 2576 512 2585 .
533 2576 543 2584 .
565 2576 575 2586 .
597 2544 766 2596 δέχεσθε
797 2545 944 2594 κῶμον
976 2542 1094 2586 εὐίου
1127 2545 1236 2586 θεοῦ
1244 2545 1287 2598 l).

377 2637 405 2682 1)
429 2648 464 2673 v.
489 2640 556 2683 Ag.
582 2638 677 2674 1344
702 2638 943 2683 coryphaeum
967 2638 1100 2674 habere
1133 2638 1163 2673 si
1196 2637 1371 2684 concedis,
1397 2637 1562 2684 sequitur
1594 2648 1628 2674 v.
1657 2637 1786 2686 1346s7
1821 2637 1971 2673 recitare

254 2696 422 2742 eundem,
447 2696 621 2744 siquidem
647 2697 840 2743 coryphaei
867 2700 923 2734 est
948 2698 1133 2744 impellere
1158 2697 1305 2734 comites
1340 2700 1380 2733 ut
1404 2698 1590 2744 proferant
1622 2697 1830 2743 sententias,
1864 2698 1971 2742 atque

254 2755 493 2792 confirmatur
516 2757 721 2793 coniectura
744 2757 908 2793 versibus
933 2757 1111 2794 similibus
1138 2757 1227 2794 Hec.
1255 2758 1348 2794 1035
1374 2769 1407 2804 q.
1427 2768 1455 2793 s.

566 2818 632 2862 Ag.
660 2817 764 2853 1343.
1451 2817 1539 2853 Hec.
1566 2816 1671 2853 1035.

256 2879 327 2923 Ay.
403 2870 515 2922 ὦμοι,
528 2875 747 2924 πέπληγμαι
759 2878 916 2923 καιρίαν
927 2878 1077 2924 πληγὴν
1152 2879 1246 2914 Πολ.
1299 2872 1972 2925 ὦμοιτυφλοῑμαιφέγγοςόμμὰτων

988 2935 1076 2973 ἔσω.
1843 2934 1969 2980 τάλας.
