2210 3340
975 211 1265 252 -38—

275 327 394 375 sodio,
444 339 678 378 quamquam
717 328 871 367 divulsa
901 332 992 367 sunt
1034 329 1220 368 trimetris
1266 331 1492 382 677—85‚
1535 342 1703 380 cumque
1745 329 1794 369 de
1836 329 1970 369 eadem

272 400 388 446 agant
429 409 472 436 re
517 397 583 448 (de
625 397 895 438 Thebanorum
939 399 1090 438 scilicet
1132 400 1379 451 hostiumque
1421 400 1724 449 monomachus),
1766 400 1973 440 coniuncta

272 468 401 518 putari
438 468 609 508 voluisse
645 472 799 519 poetam
831 469 1009 508 similiter
1043 473 1162 521 atque
1192 474 1323 521 partes
1355 483 1388 511 c.
1420 471 1556 521 Suppl.
1589 472 1674 510 348
1707 471 1790 510 veri
1820 471 1972 510 similli-

272 550 380 576 mum
411 542 483 578 est.
508 551 566 567 —‘
589 539 648 578 illi
678 552 771 579 vero
802 540 913 580 Eum.
949 543 1031 580 778
1072 541 1155 580 sive
1185 541 1398 580 sententias
1427 542 1592 592 respicis
1622 542 1707 581 sive
1737 545 1971 581 structuram

273 609 415 648 mirum
446 613 635 660 quantum
667 614 728 649 est
758 611 1030 662 propinquum.
1081 612 1420 662 epirrhematicum
1453 614 1556 651 enim
1587 613 1739 663 parium
1772 614 1796 651 2
1829 612 1972 664 quibus

272 679 410 718 Furiae
441 680 490 719 de
520 681 711 720 iniustitia
746 681 1031 732 insolentiaque
1067 682 1230 720 deorum
1266 683 1384 721 verba
1413 683 1579 734 faciunt,
1614 684 1751 734 paucis
1781 683 1970 723 trimetris

272 750 488 789 subiunctis
531 751 680 802 excipit
721 752 1060 803 epirrhematicum
1103 765 1184 803 par.
1229 754 1254 792 3
1298 753 1550 801 instructum,
1599 766 1742 792 novum
1786 754 1970 803 numeris,

270 833 414 859 novum
445 821 562 861 etiam
594 823 813 862 sententiis:
846 819 1052 871 ἐφύμνιον
1081 823 1179 862 illud
1210 836 1280 874 pro
1311 824 1477 863 Athenis
1506 828 1715 864 cantatum.

412 907 453 942 at
494 904 576 942 sive
619 905 798 943 concedis
841 908 1007 956 utroque
1049 906 1133 944 loco
1171 906 1330 956 agnosci
1366 907 1529 944 formam
1566 918 1682 946 carm.
1715 906 1852 958 Suppl.
1884 908 1969 947 348

271 974 456 1013 membris
496 975 613 1025 paulo
654 975 778 1025 magis
815 979 968 1015 tantum
1009 977 1198 1027 separatis
1238 977 1321 1016 sive
1357 977 1530 1016 membra
1565 977 1651 1027 ipsa
1681 977 1831 1027 integra
1860 977 1971 1017 ducis

272 1045 454 1093 carmina,
485 1045 524 1084 id
555 1049 662 1096 patet
691 1046 930 1097 tripertitum
960 1059 1117 1086 carmen
1147 1047 1209 1086 his
1240 1059 1396 1098 quoque
1426 1048 1587 1087 subesse
1618 1047 1798 1087 choricis.

416 1128 687 1177 subiungimus
737 1141 941 1168 commos
977 1129 1055 1180 Ag.
1096 1131 1208 1169 1448
1248 1129 1417 1180 Choeph.
1450 1130 1534 1169 305
1584 1142 1746 1181 quorum
1791 1131 1972 1182 strophae

269 1198 470 1248 copulatae
509 1203 627 1250 atque
665 1200 894 1239 coniunctae
931 1203 1023 1239 sunt
1050 1204 1135 1239 arte
1165 1201 1374 1239 rarissima.
1434 1201 1549 1239 illum
1580 1201 1705 1252 praeit
1735 1202 1972 1252 epirrhema-

271 1269 389 1307 ticum
430 1269 514 1319 pari
554 1282 630 1308 uno
667 1274 860 1319 constans,
904 1283 1078 1310 commus
1119 1272 1204 1322 ipse
1235 1283 1257 1310 e
1285 1272 1411 1310 tribus
1450 1272 1687 1322 compositus
1722 1276 1783 1312 est
1811 1272 1972 1323 paribus

267 1340 323 1379 ita
353 1340 539 1379 ordinatis
569 1342 798 1389 (secundum
819 1341 1113 1392 Schneiderum)
1134 1346 1178 1380 ut
1195 1354 1452 1394 unaquaeque
1490 1354 1582 1393 pars
1606 1343 1747 1382 habeat
1770 1343 1970 1394 stropham

270 1411 637 1462 antistrophumque
677 1412 783 1462 ipsas
825 1425 978 1463 quoque
1015 1414 1239 1464 tripertitas.
1301 1413 1415 1464 primi
1452 1414 1573 1463 igitur
1609 1414 1715 1464 quod
1746 1414 1971 1453 vocavimus

269 1482 376 1532 paris
407 1482 532 1531 figura
563 1483 658 1522 haec

1467 1543 1628 1582 alterius

394 1613 498 1653 chor,
531 1627 556 1651 α
772 1614 876 1654 chor.
909 1611 947 1653 α’
1211 1616 1316 1653 chor.
1350 1628 1375 1663 γ
1587 1615 1693 1654 chor.
1725 1609 1765 1664 y'
1947 1659 1949 1661 ,

282 1722 285 1723 ⁷
329 1695 362 1722 c.
399 1684 556 1733 ephym.
583 1610 606 1822 ἲ
651 1687 685 1723 Α
796 1696 829 1724 c.
860 1611 996 1823 eph]
1043 1682 1090 1725 A'
1217 1697 1250 1724 c.
1284 1611 1422 1822 eph}
1464 1690 1502 1725 B
1614 1698 1645 1726 e.
1676 1686 1763 1737 eph.
1860 1682 1911 1726 B'

329 1754 516 1803 Clytaem.
533 1757 561 1804 β
805 1755 862 1795 01.
906 1752 947 1804 β’
1249 1756 1304 1796 Cl.
1352 1756 1374 1794 ὁ
1627 1757 1683 1796 Cl.
1726 1757 1750 1796 ὁ
1789 1720 1808 1825 Ι

1073 1850 1177 1890 tertii

669 1921 772 1959 chor.
806 1935 824 1960 ε
1273 1921 1375 1960 chor.
1407 1917 1440 1960 ε’

668 2003 701 2030 c.
733 1918 870 2128 eph}
913 1995 948 2031 Γ
1285 2004 1317 2031 c.
1350 1917 1485 2129 eph}
1530 1989 1575 2032 P'

708 2062 764 2101 Ol.
801 2064 822 2112 ζ
1309 2062 1366 2102 Cl-
1401 2059 1437 2113 ζ’

269 2145 389 2193 atque
432 2155 521 2182 cum
565 2144 763 2183 histrionis
806 2145 989 2195 strophae
1019 2157 1041 2184 e
1073 2146 1191 2184 meris
1235 2146 1470 2195 compositae
1515 2147 1593 2184 sint
1635 2147 1868 2200 anapaestis,
1906 2147 1970 2186 hic

269 2224 447 2253 commus
479 2214 702 2253 simillimus
733 2218 796 2254 est
825 2216 1114 2266 epirrhematici
1146 2216 1258 2255 Eum.
1293 2213 1389 2268 916,
1425 2216 1546 2255 totius
1577 2228 1670 2255 vero
1709 2217 1845 2256 cantici
1875 2218 1971 2257 haec

266 2284 494 2324 ascribenda
523 2286 647 2324 forma
1464 2293 1468 2296 ’

892 2400 895 2403 ,
1048 2359 1068 2396 1
1094 2354 1139 2396 ’,ί-
1160 2359 1198 2397 3.

409 2423 583 2477 Choeph.
628 2428 712 2467 305
757 2428 1003 2478 stropharum
1045 2432 1127 2468 tres
1171 2431 1264 2467 sunt
1304 2428 1517 2479 participes
1558 2440 1764 2479 personae,
1813 2428 1970 2469 Orestes

266 2495 422 2535 Electra
451 2497 604 2536 chorus,
643 2498 766 2536 ternis
805 2499 1118 2550 uniuscuiusque
1161 2500 1334 2549 strophis
1373 2499 1541 2538 efficitur
1580 2500 1739 2550 stropha
1768 2500 1891 2539 maior
1919 2500 1970 2539 ad

267 2579 383 2618 quam
414 2568 625 2618 respondet
661 2571 854 2607 structura
894 2570 1170 2621 antistrophus.
1214 2570 1384 2620 primum
1414 2582 1460 2609 ac
1491 2570 1705 2609 secundum
1735 2583 1808 2621 par
1838 2582 1970 2610 earum

267 2650 364 2689 quas
395 2638 561 2677 maiores
590 2639 876 2689 appellavimus
908 2641 1155 2691 stropharum
1187 2644 1280 2679 sunt

369 2720 433 2760 Or.
527 2718 589 2927 a}
870 2721 934 2762 Or.
1028 2737 1053 2773 γ
1379 2723 1402 2762 ὁ
1430 2721 1447 2822 l
1752 2721 1806 2825 gl

367 2792 472 2830 chor.
526 2794 554 2839 β
639 2795 672 2831 Α
868 2794 973 2832 chor.
1011 2790 1051 2841 β’
1127 2790 1173 2833 Α’
1377 2808 1394 2833 ε
1499 2797 1537 2832 Β
1741 2792 1773 2833 ε’
1847 2790 1899 2834 Β’

512 2859 550 2901 α’
1015 2823 1088 2931 γ’]
1379 2823 1452 2931 δ’]
1737 2825 1808 2932 ξι
1878 2917 1881 2919 ,
