2210 3340
925 235 1218 276 -21-

355 867 403 906 In
424 868 543 906 form
555 880 625 907 am
648 867 897 907 stasimorum
921 865 1158 905 Graecorum
1179 864 1440 916 inquisiturus
1471 864 1564 903 olim
1589 864 1664 904 hoc
1683 866 1932 917 potissimum

213 938 400 990 proposui
439 938 571 978 animo
609 942 653 978 ut
693 938 918 988 detegerem
960 941 1197 976 structuram
1238 936 1500 988 stropharum,
1540 936 1795 977 discriberem
1834 941 1932 978 stro-

212 1011 377 1062 pharum
409 1022 604 1060 numeros,
644 1009 854 1061 discriptos
885 1009 1034 1048 ratione
1073 1021 1119 1048 ac
1149 1008 1213 1047 via
1244 1008 1505 1059 disponerem,
1546 1008 1757 1059 dispositos
1787 1010 1931 1049 iterum

212 1094 452 1134 componens
489 1082 692 1121 historiam
730 1082 1017 1120 conscriberem
1048 1079 1145 1119 artis
1178 1080 1360 1119 metricae
1391 1079 1647 1132 Aeschyleae,
1681 1080 1931 1132 Sophocleae,

212 1153 459 1206 Euripideae.
520 1157 561 1193 at
597 1154 671 1192 hoc
707 1157 751 1192 ut
782 1152 1014 1204 perfecerim
1056 1151 1221 1190 multum
1263 1152 1375 1190 abest
1415 1163 1544 1202 neque
1584 1152 1741 1191 omnino
1772 1157 1931 1204 tempus

212 1237 302 1266 esse
337 1225 439 1264 duco
469 1225 644 1276 proferre
683 1225 813 1264 studia
844 1225 1006 1264 metrica
1046 1236 1162 1271 nunc,
1202 1235 1292 1262 cum
1334 1235 1385 1262 ne
1425 1223 1474 1262 de
1505 1235 1583 1262 uno
1616 1224 1775 1275 quidem
1807 1229 1931 1264 metro

212 1297 361 1347 lyricae
403 1297 512 1348 poesi
555 1297 713 1348 proprio
756 1300 978 1347 congruunt
1018 1296 1124 1335 inter
1173 1307 1215 1334 se
1258 1295 1362 1334 docti
1406 1295 1474 1346 qui
1515 1295 1701 1334 dicuntur
1740 1297 1930 1336 homines.

213 1369 345 1420 itaque
375 1369 521 1408 formas
551 1368 640 1408 illas
678 1369 822 1419 quibus
854 1372 893 1407 et
924 1368 1033 1419 ipsos
1080 1379 1263 1406 numeros
1295 1371 1333 1406 et
1365 1367 1580 1406 sententias
1610 1368 1723 1419 quasi
1753 1368 1932 1407 infudere

212 1444 364 1493 poetae,
394 1441 576 1491 strophas
607 1440 694 1479 dico
725 1440 955 1488 carminum,
986 1442 1167 1478 accurate
1198 1438 1420 1477 describere
1452 1451 1557 1478 nunc
1588 1439 1746 1490 quidem
1778 1452 1930 1479 accom-

215 1512 407 1552 modatius
446 1511 603 1551 videtur
643 1524 742 1551 esse.
803 1524 942 1551 verum
979 1515 1187 1562 antequam
1221 1511 1271 1550 de
1312 1511 1486 1561 strophis
1526 1511 1625 1561 ipsis
1656 1523 1772 1561 agere
1802 1512 1930 1560 liceat,

212 1596 338 1635 pauca
368 1584 464 1623 mihi
496 1584 729 1635 exponenda
749 1584 930 1623 videntur
961 1596 1050 1623 esse
1080 1582 1129 1622 de
1161 1582 1335 1622 stasimis
1366 1595 1441 1621 non
1474 1583 1671 1634 strophice
1693 1583 1930 1634 compositis.

1056 1786 1086 1826 l.

490 1891 562 1936 De
594 1890 823 1935 stasimis
856 1904 959 1935 non
992 1890 1259 1946 strophice
1293 1892 1655 1948 compositis.1)

354 2000 562 2052 Euripides
612 2005 657 2040 ut
699 2001 924 2052 disponeret
971 2002 1164 2040 actionem
1212 2001 1376 2050 fabulae,
1428 2001 1535 2041 solus
1586 2002 1785 2042 interdum
1832 2015 1928 2042 usus

211 2073 367 2112 videtur
408 2084 498 2112 esse
529 2073 700 2112 stasimis
732 2072 900 2122 singulis
932 2075 1085 2111 tantum
1130 2073 1402 2112 constantibus
1442 2071 1651 2124 ‘strophis’.
1717 2087 1817 2126 quae
1860 2087 1931 2114 cur

211 2145 462 2196 compegerit,
494 2145 595 2184 duae
613 2145 827 2194 excogitari
858 2148 1025 2194 possunt
1055 2156 1214 2183 causae:
1246 2149 1315 2184 aut
1336 2141 1669 2194 ἀπολελυμένοις
1693 2147 1773 2185 illis
1792 2147 1930 2186 carmi-

211 2216 328 2255 nibus
357 2228 381 2255 a
411 2216 749 2266 dithyramborum
780 2216 907 2267 poetis
928 2216 1163 2266 Euripideae
1194 2216 1349 2255 demum
1382 2217 1521 2256 aetatis
1551 2217 1732 2271 inventis,
1764 2230 1930 2269 quorum

211 2287 377 2338 vestigia
421 2299 538 2339 saepe
582 2300 670 2327 eum
715 2291 971 2327 consecutum
1014 2300 1102 2327 esse
1144 2292 1298 2327 constat
1338 2290 1402 2335 (cf.
1436 2301 1472 2339 p.
1506 2289 1590 2338 48),
1632 2291 1729 2329 haec
1770 2290 1932 2329 stasima

211 2359 354 2398 similia
395 2371 484 2399 esse
526 2359 651 2398 voluit
692 2363 760 2399 aut
798 2360 859 2398 his
896 2360 1056 2411 quidem
1094 2360 1258 2399 actionis
1290 2361 1387 2399 locis
1419 2361 1575 2400 eosdem
1607 2361 1749 2400 iterum
1782 2363 1930 2401 cantari

210 2430 346 2470 modos
385 2443 524 2482 parum
561 2431 677 2470 duxit
712 2435 859 2482 aptum.
921 2432 1215 2471 consideremus
1246 2444 1409 2471 necesse
1440 2435 1500 2471 est
1530 2433 1682 2472 cantica
1711 2433 1797 2484 ipsa
1831 2445 1931 2484 quae

211 2513 300 2542 esse
329 2503 489 2542 stasima
519 2503 610 2543 inde
643 2504 820 2555 sequitur
850 2503 955 2555 quod
988 2503 1197 2554 seiungunt
1227 2504 1461 2543 histrionum
1494 2505 1680 2555 episodia.

355 2598 537 2649 strophas
568 2610 645 2637 non
677 2599 865 2638 exhibent
894 2599 1009 2638 haec:

357 2671 394 2708 1.
426 2669 564 2721 Hipp.
599 2671 711 2710 1268
744 2674 836 2722 post
855 2669 1036 2723 ab(itum)
1069 2671 1210 2720 nuntii,
1241 2675 1334 2710 ante
1353 2669 1589 2725 intr(oitum)
1621 2671 1777 2711 Dianae.
1810 2671 1929 2711 doch—

210 2739 280 2778 mii
314 2739 372 2790 (ὁ)
403 2741 663 2792 enhopl(iaci).

355 2891 382 2936 ¹)
407 2889 529 2927 Saohsi
562 2891 606 2926 de
640 2891 818 2937 astrophis
851 2892 1098 2928 dissertatione
1134 2893 1265 2937 (Berol.
1295 2893 1401 2939 1909)
1434 2893 1472 2929 in
1498 2893 1620 2939 primis
1646 2894 1690 2928 de
1715 2904 1755 2929 re
1780 2893 1931 2931 metrica

209 2949 340 2996 agitur:
366 2960 432 2986 nos
457 2951 494 2985 in
518 2950 671 2986 formam
696 2950 963 2997 sententiasque
988 2951 1237 2997 astrophorum
1262 2952 1466 2998 inquisituri
1491 2963 1625 2988 sumus.
