2210 3340
988 231 1278 272 —62-

286 352 465 404 Iuppiter
495 352 678 403 ephymn.
702 349 757 406 y.)
781 375 834 380 —
855 351 1013 391 tandem
1043 351 1328 402 appropinquat
1351 350 1510 389 Danaus
1532 350 1620 388 novi
1641 349 1788 400 aliquid
1806 350 1983 388 afferens.

286 424 326 461 in
370 423 631 473 precationem
667 423 750 462 exit
785 435 951 471 carmen,
994 422 1035 460 in
1071 422 1332 472 precationem
1368 421 1577 472 anapaesti,
1620 423 1661 459 at
1702 421 1805 459 inter
1847 420 1984 459 horum

285 495 403 533 finem
432 493 619 544 illiusque
648 494 884 544 principium
913 493 1043 532 hiatus
1074 495 1146 542 est,
1189 505 1266 531 non
1304 493 1443 531 transit
1482 496 1596 542 poeta
1634 491 1704 530 sed
1734 489 1906 530 transilit
1933 489 1984 529 ad

285 565 394 605 chori
436 568 593 604 cantum
636 565 676 603 id
720 565 823 616 quod
867 567 1032 603 testatur
1062 564 1143 604 νῦν
1181 561 1226 603 δέ
1263 564 1363 602 illud
1406 576 1524 614 supra
1555 560 1609 615 (p.
1643 560 1717 616 56)
1749 561 1984 612 expositum.

284 637 417 686 itaque
448 636 618 675 solutum
661 640 722 675 est
762 636 960 674 vinculum
993 647 1070 686 quo
1101 635 1252 674 stasimi
1291 639 1520 685 anapaestos
1551 646 1706 684 semper
1735 633 1864 672 adhuc
1894 644 1984 671 con-

289 707 444 745 iunctos
474 707 644 745 vidimus
675 719 765 745 cum
796 707 960 745 chorico

425 778 522 817 haec
564 790 656 817 vero
693 777 877 826 Aeschyli
918 789 982 816 ars
1025 789 1075 816 ex
1118 777 1326 815 Persarum
1370 776 1527 827 quidem
1570 775 1712 826 parodo
1755 779 1835 814 tam
1878 774 1983 824 clare

285 848 412 887 elucet
446 852 492 887 ut
527 849 652 887 verbis
691 849 773 887 fere
809 848 965 886 omnino
995 848 1245 898 parcentibus
1279 848 1378 886 hanc
1409 847 1519 886 nobis
1548 847 1666 885 liceat
1694 846 1865 897 proferre
1896 856 1983 884 sen-

284 919 494 958 tentiarum
527 921 709 958 tabulam.

545 1014 789 1064 anapaesti

285 1093 351 1148 (A)
401 1098 609 1147 exponitur
651 1096 759 1135 chori
799 1108 963 1146 persona
994 1097 1061 1147 qui

406 1173 467 1206 est
498 1171 675 1218 Περσῶν
700 1167 787 1206 τῶν
813 1164 1050 1215 οἰχομένων

399 1233 557 1277 Ἑλλάδ’
582 1238 622 1285 ἐς
655 1236 751 1277 αἶαν
782 1234 922 1278 πιστοί.

284 1307 354 1361 (Β)
389 1310 412 1348 8
447 1305 552 1357 ἀμφὶ
578 1306 733 1348 νόστωι
757 1313 834 1348 τῶι
851 1311 1062 1357 βασιλείωι

402 1377 697 1431 ὀρσολοπεῖται
728 1376 877 1428 θυμός.

283 1449 354 1502 (Α)
394 1452 445 1489 12
480 1451 595 1490 πᾶσα
628 1447 707 1502 γὰρ
740 1447 857 1500 ἰσχὺς
888 1447 1061 1490 Ἀσιατο-

402 1518 524 1572 γενὴς
556 1516 728 1571 ὤιχωκε,
764 1525 912 1573 gentes,
943 1533 1061 1569 arma,

399 1596 636 1631 enarrantur.

282 1661 356 1715 (B)
405 1665 455 1702 61
510 1658 586 1710 οὓς
632 1661 728 1714 πέρι
777 1667 890 1702 πᾶσα
938 1641 1062 1712 χθὲὺν

399 1731 567 1781 Ἀσιᾶτις
593 1730 737 1773 πόθωι
768 1729 963 1782 στένεται,
995 1747 1061 1772 το-

400 1800 488 1852 κέες
511 1801 545 1844 τ’
570 1800 717 1854 ἄλοχοί
732 1819 773 1844 τε
796 1803 1058 1857 τρομέονται.

1472 1012 1712 1050 choricum

1206 1094 1275 1148 (A)
1298 1093 1528 1146 πεπέρακεν
1555 1091 1578 1133 ὃ
1600 1089 1776 1144 στρατὸς
1796 1094 1853 1140 εἰς
1875 1089 1984 1132 ἀντί-

1325 1180 1460 1217 πορον
1496 1161 1642 1216 χώραν
1679 1164 1747 1215 (α),
1789 1163 1983 1203 exercitus

1325 1240 1365 1287 (α
1405 1256 1460 1269 -—-
1506 1239 1571 1284 19,
1620 1235 1690 1285 20)
1730 1247 1802 1274 rex
1838 1234 1984 1273 descri-

1325 1310 1468 1347 buntur
1501 1304 1670 1358 (α’--ὃ).

1207 1378 1279 1432 (Β)
1319 1380 1581 1428 μελαγχίτων
1614 1373 1726 1429 φρὴν
1759 1371 1983 1424 ἀμύσσεται

1326 1448 1463 1500 φοβωι
1495 1445 1586 1498 (εε’).

1206 1520 1278 1574 (Α)
1311 1520 1392 1568 πᾶς
1425 1517 1504 1571 γὰρ
1534 1516 1638 1567 λεώς
1669 1515 1979 1560 ἐκλέλοιπεν...

1322 1594 1375 1642 (ζ)

1206 1661 1279 1715 (B)
1312 1663 1506 1714 Περσίδες
1539 1658 1810 1712 ἁβροπενθεῖς
1837 1656 1982 1698 πόθωι

1324 1728 1520 1783 φιλάνορι
1551 1729 1797 1784 (λείπονται)
1830 1726 1909 1782 (ζ’).

423 1876 550 1915 elucet
595 1876 672 1914 duo
716 1877 812 1915 haec
843 1888 931 1915 esse
974 1876 1155 1924 carmina⁷
1199 1875 1365 1914 alterum
1395 1876 1562 1926 epicum
1603 1874 1770 1913 alterum
1811 1872 1979 1922 lyricum

279 1950 396 1997 atque
438 1948 512 1986 hoc
553 1947 661 1986 illius
703 1947 753 1985 ad
798 1947 1000 1997 exemplar
1042 1958 1131 1985 esse
1170 1947 1407 1985 elaboratum
1458 1946 1512 1984 ita
1551 1949 1594 1984 ut
1633 1945 1674 1983 in
1713 1947 1877 1995 utroque
1906 1943 1980 1981 hae

283 2018 498 2057 sententiae
530 2030 572 2057 se
603 2019 803 2068 excipiant
834 2018 921 2057 vice
951 2018 1118 2056 alterna:
1155 2019 1190 2056 1.
1211 2017 1305 2056 abiit
1335 2017 1531 2056 exereitus
1563 2018 1600 2055 2.
1631 2015 1811 2066 angimur
1840 2017 1879 2053 et
1908 2024 1979 2052 nos

280 2096 319 2128 et
348 2089 427 2128 alii.
458 2089 646 2128 transitus
676 2093 808 2128 autem
839 2102 862 2127 a
892 2089 1019 2139 priore
1050 2089 1100 2127 ad
1130 2088 1297 2127 alterum
1328 2088 1473 2127 nullus.

421 2199 537 2246 atque
567 2197 644 2234 iam
675 2199 832 2246 tempus
862 2198 922 2234 est
952 2193 1121 2233 fructum
1153 2207 1292 2245 capere
1321 2195 1394 2233 hac
1435 2206 1486 2233 ex
1525 2193 1834 2233 enumeratione:
1876 2192 1978 2240 Aga-

282 2267 502 2304 memnonis
545 2266 796 2316 aggredimur
837 2266 1036 2315 parodum.

1104 2266 1142 2304 in
1175 2278 1252 2316 qua
1290 2266 1332 2303 id
1373 2265 1530 2316 quidem
1574 2265 1699 2315 primo
1741 2264 1877 2302 obtutu
1916 2273 1979 2300 co-

280 2337 483 2387 gnoscitur
513 2337 581 2375 hic·
607 2350 762 2387 quoque
794 2338 944 2376 cantica
986 2337 1198 2387 composita
1241 2348 1327 2375 esse
1359 2335 1404 2375 ἐκ
1434 2331 1712 2386 παραλλήλου.
1775 2333 1833 2372 sic
1874 2332 1979 2371 enim

277 2407 579 2458 progrediuntur
611 2408 826 2447 sententiae
878 2420 882 2424 ·

490 2483 851 2528 anapaestorum

281 2551 317 2587 1.
349 2549 399 2588 de
450 2548 689 2588 Graecorum
751 2549 903 2588 Troiam
967 2561 1055 2599 pro·-

348 2620 516 2659 fectione
537 2620 744 2671 (40-71)
761 2618 824 2673 [de
838 2620 947 2658 chori
967 2632 1055 2670 per-

349 2703 443 2729 sona
477 2691 663 2742 72—82]

279 2762 315 2800 2.
349 2761 631 2810 Clytaemestra
655 2761 910 2812 compellatur
936 2765 980 2800 ut
1006 2761 1055 2800 de

349 2832 469 2871 sacris
498 2845 522 2872 a
543 2845 585 2872 se
610 2833 695 2883 ipsa
722 2832 833 2871 factis
852 2832 1055 2871 certiorem

346 2903 463 2941 faciat
493 2904 664 2942 chorum.

1497 2476 1675 2515 chorici

1202 2550 1237 2587 1.
1271 2549 1318 2587 de
1349 2549 1468 2587 rebus
1499 2548 1647 2587 Aulide
1677 2546 1799 2596 gestis
1831 2545 1976 2596 stroph.

1271 2622 1388 2658 α-θ

1200 2762 1236 2800 2.
1270 2761 1449 2811 epilogus
1494 2761 1682 2799 iambicus
1725 2759 1975 2812 (258—63)

1269 2844 1346 2882 quo
1397 2832 1722 2881 Clytaemestram
1771 2831 1976 2882 compellat

1269 2903 1411 2941 chorus
1441 2905 1485 2940 ut
1516 2902 1566 2941 de
1591 2902 1711 2941 sacris
1742 2913 1784 2941 se
1804 2901 1974 2941 edoceat.
