2210 3340
964 219 1254 260 -30—

263 347 454 375 summam
493 336 728 375 testantibus
758 338 1005 387 gravitatem,
1045 338 1254 388 Euripides
1293 350 1365 391 pro
1395 339 1585 377 matribus
1617 351 1748 379 servas
1779 343 1960 381 canentes

262 406 356 445 fecit
386 406 529 456 quibus
559 407 685 456 magis
717 408 941 447 conveniret
974 402 1182 460 ἄπληστος
1211 409 1280 448 illa
1309 405 1429 460 χάρις
1451 404 1568 459 γόων
1587 406 1835 458 πολύπονος
1856 411 1960 462 (79);

263 476 403 515 deinde
433 477 540 515 chori
570 477 677 517 Pers.
709 481 749 517 et
766 478 910 520 Phoen.
941 491 1031 518 cum
1074 491 1143 529 per
1179 480 1328 530 priores
1365 481 1545 531 strophas
1575 481 1698 520 forma
1729 481 1960 521 narrationis

263 559 362 597 quae
391 547 441 586 ad
472 548 756 598 expositionem
787 549 852 588 vel
882 549 1034 588 fabulae
1066 550 1127 588 vel
1158 550 1265 588 chori
1296 552 1515 590 necessaria
1536 555 1636 600 sunt,
1667 553 1842 604 afferant,
1871 555 1962 603 post

262 617 405 668 epodos
434 619 666 669 permutatis
695 620 935 669 argumentis
967 620 1143 659 timorem
1175 621 1362 670 periculis
1381 634 1484 660 nunc
1503 622 1658 661 demum
1679 623 1961 662 animadversis

261 691 462 728 evocatum
493 689 693 728 concitatis
724 690 948 740 exprimunt
978 691 1185 740 rhythmis,
1216 695 1438 742 canuntque
1469 693 1612 732 Persae
1645 692 1764 745 (115)

828 761 962 800 ταῦτα
993 774 1065 808 μοι
1095 763 1356 810 μελαγχίτων

830 827 942 882 φρὴν
975 828 1200 879 ἀμύσσεται
1233 829 1383 882 φόβωι,

829 899 885 942 ὀᾶ
912 905 1118 953 Περσικοῦ
1152 893 1468 955 στρατεύματος,

262 971 498 1011 Phoenissae
531 972 647 1023 (256)

819 1037 964 1094 ’Ἀργος
995 1036 1030 1082 ὦ
1062 1039 1326 1093 Πελασγικόν

831 1114 1025 1161 δειμαίνω
1056 1111 1134 1153 τὰν
1169 1111 1247 1154 σὰν
1279 1109 1423 1155 ἀλκάν.

405 1196 654 1223 numerorum
700 1196 789 1223 vero
833 1186 949 1224 etiam
991 1185 1113 1224 maior
1156 1186 1380 1226 similitudo.
1441 1187 1642 1226 trochaeos
1684 1187 1787 1226 enim
1827 1187 1963 1228 eadem

263 1255 500 1305 compositos
530 1255 690 1305 ratione,
721 1256 918 1295 trimetros
949 1257 1035 1295 dico
1065 1269 1110 1295 ac
1140 1256 1337 1305 dimetros,
1369 1257 1451 1296 sola
1473 1257 1596 1297 altera
1619 1261 1730 1308 parte
1754 1258 1964 1298 ostendunt

263 1337 351 1363 cum
389 1326 497 1364 Pers.
529 1325 685 1375 Phoen.,
724 1330 809 1365 tum
849 1328 922 1377 Ag.
954 1326 1141 1379 (strophis
1173 1341 1208 1377 γ,
1241 1328 1280 1379 ὅ)
1319 1328 1406 1378 Iph.
1437 1327 1488 1368 A.
1519 1328 1672 1379 parodi,
1709 1341 1808 1380 quae
1845 1341 1964 1380 supra

262 1380 567 1446 praetereundae
604 1400 715 1436 erant
746 1398 1025 1437 sententiarum
1058 1410 1135 1437 non
1166 1399 1396 1448 praebentes
1427 1399 1599 1438 ordinem
1632 1399 1753 1448 illum,
1785 1400 1961 1451 quamvis
1994 1445 1996 1447 ,

263 1467 326 1506 vel
357 1467 430 1506 hae
460 1467 666 1518 bipertitae
707 1463 788 1507 sint
824 1469 1004 1519 quoniam
1046 1469 1209 1508 triadem
1239 1469 1368 1519 priore
1399 1470 1484 1508 loco
1514 1470 1681 1520 positam
1712 1471 1962 1522 subsequitur

262 1537 302 1575 in
335 1538 406 1587 Ag.
446 1538 684 1577 sententiosa
722 1539 790 1578 illa
820 1539 869 1577 de
898 1539 1003 1578 Iovis
1034 1539 1201 1590 imperio
1232 1552 1324 1590 pars
1355 1540 1461 1579 nullo
1493 1541 1606 1579 modo
1637 1541 1843 1581 coniuncta
1871 1554 1962 1581 cum

262 1609 401 1659 priore,
443 1608 484 1646 in
526 1609 611 1660 Iph.
650 1611 695 1648 A.
734 1607 966 1659 κατάλογος
1002 1610 1070 1649 ille
1109 1611 1227 1650 νεῶν.
1288 1614 1490 1662 praeterea
1525 1612 1736 1650 notandum
1774 1612 1963 1663 parodum

264 1679 399 1730 Suppl.
432 1681 571 1719 Aesch.
613 1681 751 1719 ultima
791 1682 928 1720 saltem
959 1682 1185 1732 posterioris
1225 1682 1347 1732 partis
1388 1682 1546 1733 stropha
1578 1680 1645 1735 (θ)
1683 1683 1874 1722 trochaeis
1902 1684 1962 1722 in-

264 1750 401 1789 cedere
430 1751 623 1801 prioribus
654 1751 694 1789 in
726 1752 901 1802 partibus
932 1753 1106 1791 numeris
1138 1753 1336 1802 usurpatis
1367 1753 1496 1802 variis,
1535 1753 1604 1792 sed
1634 1765 1794 1804 prorsus
1823 1754 1962 1794 alienis

263 1834 285 1859 a
315 1821 507 1860 trochaeis
537 1821 688 1872 (ionicis
724 1823 766 1860 in
797 1823 915 1872 Pers„
952 1823 1119 1872 dactylis
1149 1824 1190 1861 in
1221 1825 1304 1875 Ag„
1342 1824 1518 1863 dimetris
1548 1824 1827 1877 choriambicis,
1864 1836 1962 1876 quos

263 1891 474 1931 nominavit
517 1892 839 1932 Wilamowitzius
888 1894 1102 1933 secundum
1144 1898 1345 1944 poetarum
1387 1895 1545 1945 quidem
1588 1907 1703 1934 usum
1747 1907 1768 1934 e
1810 1895 1962 1935 duobus

264 1960 423 2002 ‘metris’
455 1963 613 2002 minime
651 1968 885 2014 constantes,
922 1965 962 2003 in
993 1965 1149 2014 Phoen„
1180 1965 1267 2015 Iph.
1300 1967 1356 2014 A.‚
1386 1966 1524 2004 iambis
1555 1966 1594 2004 in
1626 1965 1763 2017 Suppl.
1793 1966 1961 2017 Aesch.).

263 2034 479 2072 trochaicos
518 2046 611 2073 vero
652 2043 833 2074 numeros
873 2037 949 2074 iam
988 2048 1057 2086 per
1095 2048 1137 2075 se
1174 2037 1295 2074 fuisse
1333 2036 1580 2075 excitatiores
1612 2040 1650 2076 et
1679 2049 1820 2076 nomen
1850 2037 1963 2076 docet

263 2108 302 2142 et
325 2104 555 2143 Aristoteles
587 2106 647 2156 (cf.
665 2118 701 2156 p.
727 2107 777 2156 9).
809 2107 976 2156 denique
1008 2107 1146 2145 similis
1177 2119 1425 2145 numerorum
1456 2107 1504 2145 fit
1534 2107 1724 2146 anaclasis
1754 2108 1795 2146 in
1826 2107 1960 2158 Suppl.

262 2174 367 2226 Eun,
398 2175 509 2214 cuius
540 2176 752 2225 tragoediae
771 2177 939 2227 parodus
970 2180 1123 2216 constat
1154 2177 1304 2216 duobus
1335 2178 1494 2228 paribus
1525 2178 1672 2227 ionicis,
1704 2190 1780 2217 uno
1798 2178 1961 2218 iambico

263 2245 388 2294 longis
421 2246 582 2295 syllabis
613 2259 689 2297 quo
719 2247 920 2286 excitatior
950 2251 1054 2287 esset
1083 2249 1294 2297 rhythmus
1326 2260 1442 2299 saepe
1473 2249 1620 2288 solutis.

408 2317 504 2355 haec
545 2324 675 2355 autem
717 2318 851 2368 parodi
894 2319 1017 2357 forma
1059 2331 1245 2369 perquam
1288 2306 1499 2358 artificiosa
1540 2331 1615 2358 non
1659 2332 1710 2358 ex
1755 2319 1840 2370 ipsa
1875 2319 1960 2359 eius

265 2388 507 2427 efficiebatur
552 2391 706 2437 natura,
755 2389 809 2427 ita
857 2389 913 2427 uti
962 2390 1123 2428 alteram
1173 2393 1322 2440 partem
1372 2391 1511 2428 chorus
1554 2390 1733 2429 recitaret
1781 2402 1960 2429 scaenam

263 2459 460 2510 introiens,
503 2459 665 2499 alteram
708 2471 797 2497 cum
840 2461 878 2498 in
911 2473 957 2498 ea
986 2463 1142 2508 astaret,
1181 2460 1299 2499 immo
1331 2457 1517 2512 πάροδος
1547 2461 1684 2512 χοροῦ
1717 2461 1838 2499 fiebat
1867 2461 1960 2500 dum

265 2529 507 2579 coryphaeus
550 2529 735 2568 recitabat
777 2534 1007 2580 anapaestos
1043 2531 1132 2569 illos
1169 2531 1406 2574 carminibus
1441 2531 1576 2580 lyricis
1613 2531 1885 2582 antiquissima
1919 2531 1961 2570 in

264 2600 453 2649 tragoedia
497 2611 653 2650 semper
695 2601 950 2650 antepositos3
996 2602 1065 2640 sed
1109 2613 1179 2640 suo
1223 2601 1380 2640 arbitrio
1423 2604 1560 2651 poetae
1595 2605 1865 2651 argumentum
1905 2603 1962 2641 sic

265 2670 543 2720 disposuerunt
580 2674 624 2708 ut
661 2671 736 2709 duo
768 2675 968 2710 exstarent
999 2672 1167 2710 carmina
1196 2673 1372 2710 absoluta
1402 2673 1560 2723 quidem
1591 2672 1630 2711 in
1663 2684 1715 2722 se,
1748 2673 1816 2712 sed
1849 2673 1962 2724 quasi

266 2741 438 2779 membra
468 2742 582 2780 unius
614 2742 794 2791 corporis.

405 2815 444 2850 at
474 2812 634 2850 hercule
670 2824 746 2850 non
777 2813 883 2851 casui
914 2813 1084 2850 dandum
1115 2817 1186 2861 est,
1212 2813 1322 2863 quod.
1346 2813 1494 2851 ultimis
1524 2814 1742 2863 tragoediae
1772 2814 1961 2853 aetatibus

265 2893 424 2931 prorsus
463 2883 599 2921 eadem
638 2887 836 2933 comparet
872 2884 1005 2933 parodi
1037 2884 1160 2922 forma
1189 2888 1305 2934 atque
1336 2885 1376 2922 in
1406 2884 1701 2935 antiquissimis
1763 2883 1958 2925 concludi-
