2190 3334
944 211 1205 255 ..8-

368 330 470 370 Med.
506 331 615 370 1081
649 331 835 381 frigidum
865 331 964 370 illud
994 332 1192 372 ehericum
1236 344 1314 383 quo
1357 332 1523 372 feminas
1553 332 1818 384 philosophari
1846 345 1926 374 non

228 401 414 440 dedecere
453 401 717 441 demonstrare
748 405 909 441 conatur
937 402 1158 453 Euripides,
1199 403 1234 442 si
1271 415 1296 442 a
1334 404 1554 454 coryphaeo
1593 403 1807 443 recitatum*
1837 415 1928 445 esse

227 472 397 513 affirmas
439 484 530 511 cum
573 471 870 514 Wilamowitzio
914 472 999 526 (Gr.
1030 473 1094 514 Tr.
1131 473 1204 526 ΙΙΙ,
1247 474 1358 524 238),
1401 486 1478 525 quo
1518 475 1640 514 utaris
1682 478 1926 524 argumento,

227 542 374 592 nescio;
411 542 484 582 hos
515 555 670 594 quoque
699 548 928 594 anapaestos
959 544 1058 583 sicut
1094 544 1182 583 illos
1213 545 1455 594 Aeschyleos
1485 557 1555 596 pro
1587 545 1746 584 stasimo
1775 545 1928 596 positos

227 613 346 652 totius
377 624 465 653 esse
496 613 604 653 chori
635 614 717 653 veri
747 614 990 653 simillimum
1021 619 1091 654 est.
1134 618 1175 654 at
1204 615 1253 654 de
1283 615 1345 654 his
1375 615 1534 666 quidem
1564 615 1718 666 litigare
1747 616 1852 667 nolo;
1883 616 1926 655 id

227 683 479 724 manifestum
492 696 581 724 esse
594 685 695 724 duco
707 685 831 724 fuisse
844 686 1018 724 carmina
1029 686 1277 736 anapaestica
1295 698 1395 737 quae
1419 690 1525 726 totus
1546 687 1681 726 habuit
1701 687 1853 726 chorus.
1869 709 1923 716 —

226 759 343 805 atque
379 767 501 794 unum
539 755 677 795 saltem
714 760 843 795 exstat
875 756 1068 795 canticum
1105 756 1309 796 trochaicis
1339 769 1361 796 0
1393 758 1626 797 tetrametris
1657 758 1925 808 compositum

226 825 416 876 pusillum
440 838 531 866 sane
562 827 630 865 sed
662 827 766 878 quod
796 827 1002 866 choreutas
1031 827 1217 866 recitasse
1247 831 1408 866 cunctos
1437 828 1525 878 ipse
1554 829 1648 868 dicit
1665 831 1790 880 poeta.
1834 829 1926 868 Per-

228 908 358 935 sarum
390 897 472 936 dux
504 897 693 947 Reginam
726 897 901 937 salutans
933 898 1053 949 (Pers.
1090 899 1186 945 152)

510 982 768 1032 προσπίτνω,
800 980 864 1030 ait,
897 982 966 1019 καὶ
996 977 1321 1031 προσφθόγγοις
1352 982 1395 1020 δὲ
1425 978 1562 1032 χρεών
1595 979 1730 1033 αὐτὴν

510 1065 541 1089 π
554 1046 579 1089 ἀ
589 1064 645 1090 ντ
658 1065 683 1089 α
696 1065 715 1098 ς
754 1047 931 1099 μύθοισι
961 1050 1221 1102 προσαυδᾶν,

226 1132 290 1171 cui
320 1133 529 1172 oboediunt
559 1133 720 1173 comites
749 1134 804 1173 ita
834 1139 877 1173 ut
908 1137 1090 1185 quattuor
1119 1135 1282 1174 recitent
1312 1138 1557 1174 tetrametros
1573 1135 1602 1187 1)

511 1208 546 1254 ὦ
578 1212 853 1266 βαθυζώνων
887 1213 1046 1256 ἄνασσα
1078 1217 1293 1268 Περσίδων
1324 1213 1534 1269 ὑπερτάτη

227 1301 267 1336 et
303 1310 366 1348 qu.
404 1310 513 1349 sequ.
580 1311 715 1338 verum
755 1299 924 1338 fabulam
965 1312 1043 1351 quo
1080 1300 1275 1351 antiquior
1314 1301 1442 1350 fuerit,
1483 1313 1528 1340 eo
1568 1302 1701 1351 plures
1740 1301 1927 1341 habuisse

226 1369 426 1408 trochaeos
458 1382 546 1408 cum
578 1370 704 1409 tradat
733 1370 965 1409 Aristoteles
996 1370 1061 1421 (A.
1083 1383 1120 1421 p.
1140 1372 1194 1423 4),
1238 1371 1368 1410 nescio
1405 1384 1454 1410 an
1495 1371 1585 1410 olim
1615 1372 1728 1423 plura
1758 1372 1926 1422 legerint

226 1509 319 1554 Κορ.
347 1509 525 1555 σῖγα·τ[ς
556 1508 704 1556 πληγὴν
746 1503 856 1545 ἆυτεϊ
881 1510 1039 1556 καιρίως
1111 1511 1203 1556 Κορ.
1249 1504 1428 1557 ἠκούσατ’
1457 1505 1594 1557 ἀνδρὸς
1621 1510 1783 1558 Θρηικὸς
1809 1510 1929 1570 οἰμωῇ

784 1564 1039 1614 οὖτασμένος,·
1684 1569 1768 1617 γῆν,
1795 1571 1926 1616 φίλαι,-

226 1628 294 1672 Ay.
355 1620 454 1671 (ι’)’μοι
471 1621 558 1671 μάλ’
569 1619 691 1672 αὖθις,
706 1627 888 1673 δευτέραν
902 1630 1038 1674 πεπλη-
1110 1630 1202 1665 Πολ.
1249 1624 1346 1674 ὦμοι
1372 1623 1458 1674 μάλ’
1486 1620 1606 1673 αὖθις,
1638 1629 1762 1673 τέκνα,
1789 1627 1923 1676 δυστή-

887 1686 1037 1733 γμένος.
1666 1701 1735 1724 νου
1761 1691 1921 1735 σφαγῆς.

226 1745 318 1790 Κορ.
346 1739 513 1791 τοῦργον
574 1743 779 1792 εἰργάσθαι
823 1748 933 1782 δοκεῖ
970 1759 1038 1791 μοι
1114 1748 1205 1793 Kop-
1252 1747 1371 1792 φίλαι,
1426 1746 1638 1793 πέπρακται
1692 1744 1789 1783 καίν’
1847 1744 1927 1784 ἔσω.

597 1804 786 1851 βασιλέως
810 1803 1038 1851 οἰμώγματι.
1055 1798 1057 1800 ’
1595 1804 1726 1852 δόμων
1751 1805 1853 1854 κακά
1868 1834 1874 1841 .
1891 1834 1897 1841 .
1915 1832 1922 1839 .

370 1856 466 1898 ἀλλὰ
482 1858 747 1909 κοινωσώμεθ’
771 1859 906 1910 ἄνδρες
922 1863 1037 1907 (Wil.:
1253 1863 1432 1911 βούλεσθ’
1448 1863 1732 1911 ε’πεσπὲσωμενς
1753 1858 1804 1908 ὡς
1821 1859 1924 1912 ἀκμὴ

411 1917 460 1958 ἄν
484 1923 577 1965 πως)
603 1916 757 1969 ἀσφαλῆ
783 1920 1038 1969 βουλεύματα.
1744 1926 1852 1961 καλεῖ
1865 1950 1872 1957 .
1889 1950 1896 1958 .
1912 1949 1920 1958 .

226 1991 339 2027 eidem
365 2002 447 2027 vero
473 1992 680 2037 coryphaeo,
707 2004 785 2028 oum
807 1993 866 2038 qui
885 1993 1070 2028 consilium
1095 1994 1193 2029 dedit
1210 1994 1265 2029 sui
1284 1993 1497 2029 deliberandi
1523 2004 1604 2029 eum
1630 1994 1745 2040 ipsum
1769 1994 1922 2039 primum

226 2050 308 2096 quid
334 2051 464 2087 sentiat
487 2051 604 2086 dicere
630 2055 904 2087 consentaneum
930 2052 986 2094 sit,
1013 2053 1118 2088 etiam
1138 2064 1171 2088 v.
1193 2053 1380 2089 1348—49
1399 2053 1578 2089 tribuendi
1594 2055 1689 2099 sunt,
1713 2054 1762 2091 ita
1787 2056 1826 2090 ut
1841 2054 1924 2090 inde

225 2120 246 2145 a
270 2110 506 2146 1350—1371
533 2110 775 2157 colloquantur
800 2111 945 2146 comites
972 2113 1028 2156 (11
1044 2112 1078 2147 ><
1093 2113 1146 2157 2);
1172 2113 1290 2158 itaque
1315 2112 1545 2148 distribuendi

722 2171 742 2206 3
768 2172 907 2207 tetram.
932 2171 1101 2206 trochaici
1150 2183 1158 2207 ι
1208 2171 1425 2217 coryphaeus

604 2228 648 2263 12
662 2229 697 2264 ><
711 2230 731 2263 2
756 2230 906 2266 trimetr.
931 2230 1036 2267 iamb.
1050 2245 1095 2262 =
1113 2229 1154 2264 12
1180 2231 1375 2266 sententiae
1391 2245 1435 2262 =
1448 2231 1492 2266 12
1519 2231 1718 2267 choreutae.

226 2287 290 2330 (sic
315 2288 411 2322 recte
437 2287 574 2324 Verral.
601 2300 633 2333 p.
662 2289 755 2332 158).
793 2280 911 2334 'atque
937 2289 1119 2325 duodecim
1155 2290 1265 2325 fuisse
1299 2290 1485 2325 choreutas
1518 2290 1556 2324 in
1588 2289 1841 2326 Eumenidibus
1874 2301 1921 2326 ex
1948 2326 1951 2330 ,

225 2357 257 2381 v.
295 2346 397 2381 Eum.
437 2346 505 2382 585
538 2359 570 2392 q.
597 2358 625 2384 s.
658 2348 774 2383 nescio
811 2359 857 2384 an
894 2350 992 2384 reete
1029 2349 1266 2384 concluserint
1291 2348 1439 2384 Weilius
1476 2350 1580 2394 atque
1616 2360 1730 2394 nuper
1765 2349 1920 2385 Blassius

226 2405 346 2450 (Eum.
368 2416 401 2450 p.
422 2405 515 2450 138).
559 2406 667 2451 igitur
691 2406 780 2442 falso
805 2406 1007 2443 scholiastes
1032 2408 1085 2443 ad.
1112 2419 1145 2444 v.
1163 2409 1225 2443 Ar.
1239 2407 1326 2453 Equ.
1353 2407 1423 2443 586
1449 2404 1682 2456 συνειστήκει
1709 2402 1730 2446 ὃ
1753 2407 1872 2456 χορὸς
1897 2404 1920 2446 ὃ

224 2464 297 2510 μὲν
314 2463 487 2511 κωμικὸς
504 2464 598 2509 ἐξ...
615 2465 683 2510 κδ’,
711 2460 762 2510 ὡς
778 2468 843 2503 καὶ
860 2458 974 2510 οὗτος
991 2463 1256 2514 ἀπηρίθμησεν
1282 2466 1323 2504 ἐν
1343 2463 1508 2514 Ὄρνισιν
1533 2463 1695 2515 ἄρρενας
1717 2467 1788 2514 μὲν
1814 2463 1922 2514 ὄρνις

225 2523 291 2570 ιβ’,
317 2526 475 2571 θηλείας
500 2525 542 2562 δὲ
566 2523 763 2571 τοσαύτας,
790 2520 811 2563 ὃ
837 2526 878 2562 δὲ
903 2525 1083 2573 τραγικὸς
1107 2525 1181 2572 <ἐξ>
1207 2526 1240 2563 ιὲ
1274 2520 1325 2570 ὥς
1352 2526 1539 2574 Αἰσχύλος
1562 2523 1921 2574 <ἐν>ψἌγαμέμνονῳ

226 2583 288 2617 sed
312 2583 378 2618 hoc
401 2584 518 2629 ipsum
544 2584 733 2620 coniecisse
763 2585 1029 2630 grammaticum
1064 2585 1114 2620 eis
1148 2596 1194 2620 ex
1217 2585 1381 2622 versibus
1406 2596 1493 2632 quos
1526 2596 1622 2621 nnnc
1645 2586 1847 2631 tractamus,
1881 2588 1921 2620 ut

225 2643 284 2687 qui
309 2642 345 2676 in
371 2643 570 2688 quindecim
595 2643 850 2679 distribuantur
873 2645 1001 2689 partes,
1027 2644 1057 2679 si
1082 2655 1249 2680 versuum
1275 2655 1473 2689 numerum,
1507 2655 1575 2680 non
1599 2654 1744 2680 sensum
1768 2645 1920 2690 spectes,

224 2699 309 2734 mihi
329 2703 475 2737 constat.
502 2723 546 2728 -
572 2701 659 2738 haec
683 2703 713 2738 si
739 2704 835 2738 recte
860 2703 1036 2748 disputata
1060 2706 1153 2749 sunt,
1172 2703 1360 2749 Sophocles
1379 2704 1458 2749 post
1482 2714 1614 2739 annum
1638 2702 1709 2739 458
1735 2713 1920 2739 numerum

224 2758 472 2796 choreutarum
498 2772 543 2796 ex
569 2761 613 2797 12
639 2762 676 2796 in
703 2764 746 2797 15
771 2762 912 2798 auxisse
938 2763 1112 2807 putandus
1138 2770 1203 2798 est.

367 2831 395 2876 ¹)
426 2832 554 2868 iterum
587 2832 787 2878 obloquitur
811 2833 1102 2869 Wilamowitzius
1134 2834 1268 2879 (Herm.
1295 2833 1351 2879 32,
1378 2833 1478 2878 383):
1513 2844 1606 2870 zwar
1638 2834 1736 2869 heisst
1769 2843 1807 2869 es
1839 2842 1920 2873 aus.-

222 2890 402 2926 driicklich
430 2891 510 2933 154,
546 2891 613 2927 dass
646 2891 738 2927 alle
772 2893 824 2927 sie
856 2893 1007 2928 anreden
1033 2891 1161 2937 sollen3
1195 2892 1300 2928 allein
1324 2903 1362 2928 es
1387 2892 1433 2928 ist
1456 2892 1553 2928 nicht
1576 2892 1738 2938 denkbar,
1772 2892 1839 2929 dass
1864 2892 1921 2928 die
