2210 3340
945 238 1234 279 „14-

243 356 383 406 quibus
415 366 504 394 cum
536 355 712 394 versibus
742 356 968 395 conferendi
999 359 1091 396 sunt
1120 356 1179 395 illi
1206 356 1383 396 Chironis
1413 357 1644 407 comoediae,
1675 359 1772 398 falso
1796 359 1938 400 Phere-

243 426 339 464 crati
368 425 586 476 adscriptae
616 425 677 478 (fr.
713 427 793 466 145
825 427 889 476 K),
920 427 1061 477 quibus
1091 427 1146 466 ita
1175 427 1409 466 lamentatur
1439 428 1591 467 Possis:

596 499 796 548 Κινησίας
827 498 869 537 δὲ
899 494 941 545 μ’
966 494 989 536 ὁ
1021 494 1257 549 κατάρατος
1288 495 1462 546 Ἀττικός

597 567 872 618 ἐξαρμονίους
902 565 1071 616 καμπὰς
1102 568 1240 608 ποιῶν
1271 569 1315 608 ἐν
1346 576 1436 616 ταῖς
1469 578 1668 620 στροφαῖς

598 634 830 688 ἀπολώλεχ’
858 633 996 686 οὕτως
1028 634 1135 678 ὥστε
1167 636 1241 690 τὴς
1273 636 1481 690 ποιήσεως

598 709 685 748 τῶν
719 707 997 760 διθυράμβων
1027 705 1222 760 καθάπερ
1254 709 1298 749 ἐν
1330 717 1419 758 ταῖς
1451 707 1621 750 ἀσπίσιν

599 775 778 830 ἀριστέρ’
812 777 949 818 αὐτοῦ
978 782 1168 828 φαίνεται
1200 777 1250 819 τὰ
1285 776 1408 829 δεξιά.

602 851 756 901 Φρῦνις
789 847 824 889 δ’
848 850 956 890 ἴὸιον
990 848 1212 902 στρόβιλον
1242 847 1438 899 ἐμβαλών
1470 866 1563 891 τινα

598 918 803 968 κάμπτων
832 935 881 969 με
911 923 981 960 καὶ
1014 922 1207 973 στρέφων
1238 916 1343 972 ὅλην
1375 919 1601 973 διέφθορεν

601 990 645 1031 ἐν
675 987 781 1031 ἑπτὰ
815 992 988 1043 χορδαῖς
1022 987 1166 1042 δώδεχ’
1191 988 1391 1043 ἁρμονίας
1421 992 1540 1043 ἔχων.
1861 1029 1863 1033 ⁴

386 1062 688 1113 Aristophanem
719 1063 769 1101 de
799 1063 1014 1112 Agathonis
1044 1067 1129 1102 arte
1159 1064 1419 1114 componendi
1450 1065 1569 1103 verba
1598 1064 1806 1104 facientem
1836 1065 1939 1116 quod

242 1132 399 1171 adhibet
425 1145 559 1172 vocem
587 1128 790 1185 στροφήν,
823 1146 900 1172 non
932 1134 982 1173 de
1012 1134 1248 1173 carminibus
1279 1135 1384 1186 loqui
1417 1135 1614 1186 strophice
1643 1136 1868 1186 compositis
1897 1135 1939 1174 in

243 1207 376 1255 aperto
413 1208 491 1255 est;
535 1216 626 1243 nam
663 1209 707 1243 ut
742 1204 783 1242 id
820 1204 1072 1255 neglegamus
1112 1205 1216 1256 quod
1252 1206 1496 1255 Agathonem
1532 1203 1828 1256 ἀπολελυμένα,
1865 1217 1941 1245 non

245 1275 442 1325 strophica
471 1275 643 1314 carmina
672 1275 871 1326 pepigisse
902 1279 1065 1324 constat,
1096 1275 1140 1314 id
1170 1277 1300 1327 ipsum
1331 1277 1436 1327 quod
1466 1276 1529 1315 his
1550 1277 1727 1316 versibus
1757 1277 1942 1316 indicitur

244 1345 452 1395 canticum,
488 1342 723 1397 μυρμήκων
752 1346 811 1384 illi
843 1342 1028 1397 ἀτραποί
1056 1359 1093 1386 v,
1129 1347 1358 1387 101—129
1391 1348 1438 1386 ab
1481 1348 1567 1398 ipso
1602 1352 1717 1398 poeta
1746 1348 1939 1398 choroque

245 1417 446 1456 Musarum
467 1417 630 1465 recitati,
661 1417 756 1468 quin
780 1413 1092 1465 ἀπολελυμένον
1114 1419 1176 1470 sit,
1208 1418 1370 1456 dubium
1390 1430 1464 1456 non
1484 1423 1555 1457 est.
1615 1419 1746 1469 itaque
1766 1418 1940 1466 Crusius,

244 1488 312 1539 qui
345 1484 530 1539 στροφάς
556 1487 786 1527 Germanice
810 1489 971 1538 putabat
996 1501 1084 1528 esse
1110 1489 1398 1527 ‘musikalische
1418 1487 1549 1538 satze'‚
1581 1490 1762 1540 strophas
1779 1489 1939 1529 flexisse

245 1560 490 1609 Agathonem
529 1559 604 1598 dici
646 1559 866 1609 affirmavit,
909 1560 1002 1610 quia
1045 1560 1225 1610 strophas
1268 1560 1533 1599 diversissimo
1575 1561 1690 1599 modo
1733 1560 1942 1599 cantandas

244 1630 406 1669 alteram
438 1630 552 1669 alteri
570 1630 819 1680 'subiungere
851 1631 988 1669 solitus
1018 1635 1132 1670 esset.
1182 1631 1286 1682 quod
1318 1631 1350 1670 si
1382 1643 1517 1670 verum
1537 1635 1653 1680 esset,
1683 1643 1821 1682 parum
1852 1631 1941 1669 dili-

245 1705 383 1751 genter
421 1702 644 1751 scripsisset
681 1701 970 1751 Aristophanes,
1011 1714 1138 1752 neque
1178 1702 1280 1740 enim
1322 1697 1346 1752 ἡ
1383 1697 1543 1753 στροφὴ
1584 1699 1822 1751 κάμπτεται,
1863 1714 1940 1740 non

248 1772 448 1811 ‘circuitus
477 1772 677 1811 modorum
705 1769 899 1821 flectitur’‚
934 1772 1003 1811 sed
1034 1777 1171 1811 cantus
1201 1773 1298 1825 ipse,
1330 1773 1444 1812 sicuti
1474 1773 1579 1812 idem
1610 1773 1941 1822 dithyramborum

245 1847 381 1894 poetas
411 1842 514 1882 Nub.
548 1845 630 1882 333
664 1843 836 1894 appellat

679 1916 866 1954 κυκλίων
895 1918 1038 1965 χορῶν
1069 1910 1497 1962 ἀισματοκάμπτας.

247 1986 409 2025 eandem
447 1997 538 2024 vero
575 1985 897 2035 significationem
947 1987 1109 2025 subesse
1159 1986 1266 2024 ducit
1313 1985 1426 2025 alteri
1490 1986 1573 2025 loco
1631 1997 1748 2037 quem
1802 1984 1951 2024 vertit:.

246 2057 421 2096 Ginesias
464 2056 618 2095 wandte
656 2057 908 2106 fremdartige
946 2057 1233 2095 modulationen
1270 2057 1311 2095 in
1350 2057 1484 2096 seinen
1524 2059 1657 2095 satzen
1687 2068 1749 2106 an,
1787 2067 1838 2095 ne
1866 2055 1940 2094 hoc

247 2128 404 2179 quidem
436 2132 551 2176 recte,
583 2140 673 2166 nam
705 2128 884 2178 quoniam
916 2128 1047 2178 pergit
1078 2128 1213 2166 Poesis

421 2198 648 2250 Φρῦνις...
680 2194 924 2246 κάμπτων
953 2212 1002 2246 με
1032 2200 1103 2237 καὶ
1137 2194 1366 2250 στρέφων
1398 2191 1504 2248 ὅλην
1536 2192 1772 2249 διέφθορεν,

248 2270 303 2309 ita
334 2274 378 2308 ut
408 2270 524 2309 verba
559 2264 750 2319 στρέφειν
781 2273 821 2308 et
852 2264 1056 2317 κάμπτειν
1085 2270 1198 2320 quasi
1230 2281 1448 2326 synonyma
1478 2268 1655 2308 ducenda
1685 2268 1773 2318 sint,
1812 2267 1941 2319 priore

249 2353 402 2392 quoque
432 2341 516 2380 loco
547 2341 706 2379 vocibus
738 2337 882 2391 καμπή
914 2344 1032 2391 atque
1071 2335 1234 2391 στροφή
1273 2340 1379 2379 idem
1420 2339 1630 2389 significari
1669 2349 1826 2378 necesse
1857 2342 1938 2377 est:

247 2412 381 2462 itaque
411 2424 487 2450 non
518 2412 712 2450 cantilena
743 2411 932 2462 quaedam
954 2414 1015 2450 est
1048 2407 1208 2462 στροφή
1240 2411 1281 2448 in
1311 2423 1389 2462 qua
1407 2405 1574 2458 καμπὰς
1597 2411 1688 2449 fecit
1716 2412 1840 2460 poeta,
1871 2409 1942 2448 sed

247 2487 293 2521 ut
314 2482 462 2522 Graece
493 2482 621 2521 dicam
651 2482 754 2533 quod
785 2482 921 2521 Latine
953 2482 1015 2520 vel
1037 2481 1266 2521 Germanice
1285 2482 1452 2532 exprimi
1474 2481 1541 2519 vix
1560 2484 1708 2532 potest:
1741 2475 1766 2519 ὁ
1787 2483 1940 2531 Φρῦνις

249 2552 293 2593 ἐν
323 2554 402 2592 τῶι
436 2549 629 2604 στρέφειν
660 2552 935 2604 ἐξαρμονίους
965 2548 1136 2600 καμπὰς
1167 2551 1369 2604 ἐποίησεν.

390 2628 431 2663 at
461 2624 556 2676 quid
588 2624 660 2663 sibi
685 2625 770 2662 vult
800 2620 1004 2671 κάμπτειν
1027 2627 1144 2674 atque
1170 2619 1339 2671 καμπὰς
1356 2621 1534 2663 ,ποιεῖνῗ
1594 2621 1797 2672 Phrynim,
1828 2621 1941 2660 Cine-

251 2696 359 2744 siam,
402 2695 645 2745 Agathonem
683 2695 864 2734 audimus
903 2692 1088 2733 ‘flexisse’
1119 2697 1287 2741 cantum,
1331 2706 1494 2744 quorum
1537 2693 1687 2743 primus
1729 2704 1940 2740 nomorum‚

250 2767 349 2804 alter
379 2766 723 2815 dithyramborum‚
753 2766 895 2804 tertius
925 2765 1209 2815 tragoediarum
1240 2768 1354 2815 poeta
1385 2767 1457 2803 est.
1518 2763 1716 2814 proprium
1749 2775 1839 2802 vero
1869 2763 1941 2801 hoc

250 2837 457 2876 artificium
490 2837 614 2876 fuisse
645 2837 950 2887 Aristophaneae
980 2835 1119 2875 aetatis
1158 2836 1397 2874 musicorum
1435 2836 1550 2874 etiam
1593 2835 1736 2873 clarius
1776 2832 1941 2872 elucebit

251 2908 313 2946 his
344 2908 574 2946 testimoniis
605 2907 769 2946 additis:
