2210 3340
215 349 306 377 mus
335 337 563 389 Euripidem
605 349 739 377 senem
779 337 975 376 imitatum
1006 349 1095 377 esse
1126 338 1369 386 Aeschylum
1407 349 1523 388 quem
1556 350 1626 388 per
1656 341 1777 377 totam
1809 337 1930 377 vitam

215 409 354 449 habuit
376 409 528 449 ducem.
565 409 677 448 cuius
698 408 819 448 studii
838 408 1042 459 complura
1062 409 1144 466 hac⁴
1155 408 1428 448 dissertatione
1449 412 1709 459 congerentur
1737 409 1931 461 exempla,

216 471 341 520 unum
379 481 458 520 iam
499 480 662 519 allatum
706 483 767 518 est
799 480 850 530 (p.
885 480 972 530 24);
1014 480 1078 519 hic
1116 480 1214 518 satis
1245 483 1307 519 est
1338 491 1497 519 monere
1528 480 1835 535 Phoenissarum
1868 480 1930 519 vel

215 551 378 592 stasima
424 551 630 591 trochaicis
679 551 892 602 composita
942 551 1117 590 numeris
1162 551 1372 602 perlongas
1416 551 1644 591 exhibentia
1687 552 1930 592 narrationes

213 623 392 663 redolere
431 622 704 673 antiquitatem
754 622 933 673 (chorum
980 622 1111 673 ipsum
1161 623 1454 674 deprompsisse
1502 626 1658 673 poetam
1702 623 1930 663 Phoenissis

213 693 434 745 Phrynichi
463 693 540 733 alio
571 694 656 733 loco
681 695 722 732 in
743 694 874 733 animo
894 697 956 733 est
976 686 1211 746 ostendere),
1241 694 1329 745 Iph.
1352 696 1398 733 A.
1430 694 1565 745 paredi
1596 696 1929 734 enumerationem

213 766 374 806 heroum
414 765 654 817 naviumque
694 766 846 816 epicam
887 765 1019 816 potius
1059 778 1176 816 quam
1217 766 1382 815 lyricam
1421 765 1484 805 vel
1521 765 1773 805 dramaticam
1806 779 1929 805 unum

211 837 355 876 habere
391 849 548 877 carmen
587 837 732 876 simile:
771 837 879 877 Pers.
911 837 1046 888 parodi
1082 842 1233 888 partem
1264 837 1564 888 anapaesticam.
1595 861 1655 865 -—
1687 837 1856 889 denique
1887 838 1927 877 in

211 907 347 960 Suppl.
367 909 500 948 fabula
530 921 620 948 cum
651 908 749 948 duos
780 909 917 948 choros
948 908 1105 948 induxit
1130 912 1325 958 canentes,
1351 909 1515 948 formam
1535 908 1768 948 tralaticiam
1788 909 1931 949 leviter

211 979 378 1020 mutavit
407 980 618 1031 Euripides
629 980 669 1028 1).

354 1064 569 1103 numquam
617 1052 742 1103 epodo
789 1051 919 1091 medio
958 1051 998 1089 in
1039 1051 1211 1090 carmine
1249 1051 1376 1102 posita
1417 1051 1578 1090 stasima
1618 1052 1720 1091 sicut
1760 1052 1929 1102 parodos

211 1122 492 1175 dispertierunt
530 1126 668 1175 poetae
707 1123 858 1173 tragici.
919 1126 1089 1162 attamen
1131 1134 1217 1162 esse
1258 1123 1361 1163 inter
1392 1123 1612 1173 Aeschylea
1651 1123 1810 1174 quidem
1850 1135 1928 1162 non

209 1206 336 1246 pauca
366 1207 467 1246 quae
496 1195 636 1234 harum
666 1195 900 1246 parodorum
932 1195 1076 1233 mirum
1107 1198 1298 1245 quantum
1330 1195 1409 1233 sint
1439 1194 1584 1234 similia
1626 1207 1718 1234 mox
1751 1195 1928 1234 elucebit.

353 1397 404 1437 ad
435 1397 634 1436 stasima
665 1409 766 1449 quae
797 1397 953 1449 proprie
985 1397 1170 1437 dicuntur
1195 1397 1394 1448 progressi
1413 1397 1723 1448 Aeschylearum
1745 1410 1930 1438 numeros

211 1469 461 1520 stropharum
493 1481 585 1508 cum
617 1469 812 1508 minorum
844 1471 1045 1520 poetarum
1076 1469 1325 1509 conferimus.

353 1541 602 1592 stropharum
651 1541 805 1580 numeri
857 1541 1027 1590 grandes
1073 1541 1357 1592 antiquioribus
1406 1540 1655 1592 potissimum
1698 1540 1739 1579 in
1782 1541 1928 1580 fabulis

210 1610 458 1663 (Prometheo
507 1613 686 1664 excepta)
733 1612 775 1651 in
823 1612 1106 1652 recentioribus
1154 1613 1295 1651 minuti
1345 1612 1574 1663 Sophocleis
1623 1612 1930 1664 Euripideisque

208 1683 537 1735 appropinquant.
598 1684 772 1723 omnium
803 1684 1047 1723 choricorum
1079 1695 1267 1724 numerus
1298 1695 1477 1724 summus
1509 1684 1550 1737 (8
1573 1681 1674 1737 par.)
1704 1684 1744 1722 in
1778 1684 1929 1736 Suppl.,

209 1754 398 1794 minimus
429 1752 474 1808 (2
497 1756 593 1806 par.)
625 1768 714 1794 cum
749 1755 855 1807 Sept.
882 1759 974 1795 stas.
996 1755 1068 1795 III.
1100 1768 1178 1795 non
1208 1756 1407 1806 integrum
1441 1756 1493 1795 sit
1523 1747 1679 1795 carmen
1713 1755 1781 1794 sed
1813 1755 1928 1806 quasi

208 1837 301 1877 pars
332 1826 501 1877 maioris,
538 1827 681 1866 commi
718 1827 827 1867 illius
858 1828 906 1867 ab
937 1827 1189 1867 hemichoriis
1220 1827 1385 1876 recitati,
1424 1827 1519 1866 solis
1551 1830 1681 1866 exstat
1710 1827 1751 1865 in
1783 1827 1926 1866 fabulis

207 1909 309 1937 anno
350 1898 436 1938 458
483 1898 582 1938 actis
630 1899 723 1950 (Ag.
757 1899 954 1950 Choeph),
996 1899 1246 1938 stasimorum
1286 1910 1466 1938 summus
1509 1898 1550 1950 (5
1590 1898 1643 1949 p.)
1687 1901 1778 1949 post
1819 1898 1927 1950 Sept.

207 1969 380 2009 fabulam
410 1973 537 2010 actam
568 1982 670 2010 anno
701 1971 786 2011 467
821 1983 897 2010 non
929 1971 1132 2022 reperitur.
1164 1972 1338 2010 omnium
1370 1970 1682 2021 uniuscuiusque
1712 1970 1927 2021 tragoediae

207 2041 459 2081 stasimorum
490 2042 726 2094 computatis
765 2043 911 2094 stroph.
942 2042 1119 2082 numeris
1150 2042 1215 2082 hic
1245 2043 1376 2082 evadit
1400 2042 1519 2081 ordo:
1559 2041 1695 2093 Suppl.
1733 2043 1784 2081 12
1818 2042 1925 2081 Pers.

211 2113 264 2153 10
288 2112 395 2165 Sept.
420 2114 473 2153 10
497 2115 568 2164 Ag.
592 2115 616 2153 9
634 2110 684 2168 ¹s2
711 2114 883 2165 Choeph.
907 2115 931 2154 9
951 2114 1065 2154 Eum.
1089 2115 1114 2153 8
1148 2110 1220 2168 (—†-
1242 2116 1265 2153 2
1300 2114 1473 2165 strophis
1504 2114 1806 2165 ephirrhematis
1841 2115 1924 2154 778

207 2185 360 2225 stasimi
389 2185 476 2225 loco
506 2186 651 2236 positi).
684 2209 739 2214 —
772 2186 963 2237 paredum
993 2187 1130 2236 Agam.
1164 2186 1345 2225 omnibus
1376 2190 1533 2237 praeter
1562 2186 1753 2236 parodum
1787 2185 1924 2237 Suppl.

205 2256 438 2296 antecedere
484 2257 651 2297 choricis
697 2257 790 2296 inde
833 2257 1067 2308 explicatur,
1115 2257 1219 2308 quod
1258 2257 1340 2296 sola
1379 2260 1548 2308 (praeter
1584 2257 1706 2307 illam)
1744 2261 1926 2297 cantatur

205 2329 440 2380 prooemium
470 2329 749 2379 tragoediarum
781 2329 971 2379 trilogiae.

348 2400 608 2440 Prometheus
648 2405 692 2440 ut
741 2402 841 2440 solet
879 2414 903 2440 a
942 2401 1082 2440 ceteris
1114 2401 1250 2440 distat:
1292 2413 1368 2439 una
1405 2400 1605 2440 choricum
1645 2401 1807 2440 exhibet
1842 2413 1924 2451 par.

210 2471 231 2510 1
249 2467 316 2526 ¹s2.
348 2472 546 2523 siquidem
571 2473 644 2523 Ag.
670 2473 804 2524 parodi
836 2472 930 2511 trias
960 2472 1068 2523 prior
1098 2485 1190 2523 pars
1220 2476 1372 2512 tantum
1404 2476 1466 2511 est
1496 2472 1681 2511 carminis
1705 2472 1925 2523 permagni,

207 2543 381 2582 omnium
426 2556 518 2583 vero
562 2544 809 2595 stropharum
850 2556 1040 2584 numerus
1080 2556 1175 2594 prae
1217 2547 1434 2583 ceterarum
1475 2544 1694 2583 fabularum
1736 2544 1925 2582 minimus

207 2617 268 2654 est
299 2615 340 2666 (6
355 2611 438 2669 ¹s2).
481 2615 730 2655 confirmatur
762 2616 933 2666 suspicio
966 2616 1127 2655 stasima
1158 2616 1288 2667 qualia
1318 2616 1462 2654 tradita
1494 2616 1573 2655 sint
1602 2620 1670 2654 aut
1701 2615 1925 2664 Aeschylea

207 2698 284 2724 non
315 2698 404 2725 esse
433 2691 503 2726 aut
531 2687 612 2738 legi
643 2687 845 2726 decurtata
875 2687 939 2726 vel
970 2688 1257 2727 transformata.

350 2802 380 2848 ²)
405 2802 569 2838 Herculis
595 2803 765 2848 parodum
793 2803 856 2850 (cf.
886 2802 969 2838 Wil.
996 2803 1031 2838 11
1048 2803 1062 2822 ²
1086 2802 1147 2848 26)
1183 2803 1335 2839 eundem
1371 2813 1601 2838 numerorum
1636 2803 1795 2837 ordinem
1821 2812 1923 2847 prae-

205 2860 351 2897 bentem
377 2862 439 2897 sed
476 2861 526 2897 ita
551 2862 781 2898 constrictum
813 2863 865 2897 uti
891 2863 987 2908 prior
1012 2873 1094 2907 pars
1122 2864 1267 2911 ¹constet
1300 2862 1446 2907 stropha
1479 2865 1515 2897 et
1548 2861 1780 2907 antistrophe,
1813 2860 1927 2897 altera

206 2921 328 2967 epodo,
354 2921 412 2956 hic
438 2921 598 2957 consulto
625 2922 882 2967 praeteriimus.
