2210 3340
942 240 1237 282 -23-

379 365 416 404 8.
449 363 615 403 Bacch.
651 363 763 401 1153
796 364 884 412 post
908 362 967 400 ab.
1001 361 1139 412 nuntii,
1169 363 1260 399 ante
1290 360 1381 399 intr.
1414 361 1571 410 Agavae
1604 360 1628 399 ὁ
1659 359 1801 410 enhopl
1816 358 1857 405 1).

324 479 331 485 ,
376 446 536 475 carmen
572 433 710 473 Trach.
747 433 830 471 205
877 432 1056 483 quamvis
1088 431 1234 471 Lichae
1277 431 1484 470 antecedat
1513 431 1704 483 introitui,
1748 443 1839 470 cum
1870 442 1948 469 non

235 505 443 546 distribuat
471 506 667 546 actionem
697 504 767 543 sed
798 504 932 555 ipsum
961 503 1128 542 actionis
1160 515 1252 554 pars
1294 503 1357 552 sit,
1399 502 1572 542 stasimis
1612 502 1949 541 adnumerandum

236 589 324 618 esse
349 577 598 619 Detscheffio
627 574 749 630 (137)
782 575 998 614 concedere
1030 574 1233 626 neque02).
1295 574 1522 613 Deianiram
1554 574 1660 613 enim
1703 577 1829 624 poeta,
1871 585 1949 624 quo

234 649 378 689 clarius
408 648 589 688 ostendat
619 651 765 699 quanto
796 647 940 698 gaudio
971 647 1134 698 impleta
1160 646 1212 685 sit
1231 646 1369 700 nuntio
1389 645 1572 684 Herculis
1591 645 1754 684 redituri
1775 650 1948 696 accepto,

234 732 311 760 non
343 719 465 760 solam
497 719 623 771 ipsam
657 719 803 769 gratias
834 721 1019 769 agentem
1058 718 1153 756 facit
1183 717 1265 756 Iovi
1299 717 1370 756 sed
1403 717 1519 756 etiam
1562 728 1697 755 servos
1737 728 1951 767 servasque

233 791 507 832 exhortantem
553 794 598 830 ut
639 790 776 830 laudes
819 790 1048 841 gratiasque
1089 801 1161 840 per
1204 793 1363 828 cantum
1404 791 1522 838 agant
1564 788 1626 827 dis
1660 787 1791 840 (200).
1853 788 1950 827 haec

217 863 355 914 ‚igitur
384 875 464 902 non
494 863 627 902 minus
657 865 742 902 arte
783 862 990 901 coniuncta
1030 865 1091 901 est
1127 861 1340 912 gratulatio
1381 873 1472 900 cum
1511 860 1599 911 ipsa
1637 859 1790 899 actione
1832 872 1950 910 quam

232 934 476 987 precationes
498 934 756 985 Choephoron
773 934 814 972 in
837 933 1007 984 Choeph.
1029 931 1165 987 (152),
1188 936 1419 972 venatorum
1439 933 1480 971 in
1502 932 1621 983 Hipp.
1642 932 1740 983 (61),
1772 930 1963 982 Electrae

232 1007 453 1053 amicarum
477 1010 568 1058 post
597 1006 811 1045 adventum
843 1004 994 1044 Orestis
1025 1003 1136 1059 (Eur.
1169 1001 1357 1058 E1.585)
1390 1016 1488 1055 quas
1520 1016 1569 1043 ne
1600 1004 1758 1043 Detsch.
1792 1003 1950 1054 quidem

233 1091 304 1131 pro
335 1078 508 1118 stasimis
537 1079 666 1118 habet.

375 1162 562 1190 numeros
615 1151 648 1190 si
696 1150 918 1202 inspexeris
969 1150 1218 1190 stasimorum
1271 1161 1348 1187 non
1387 1147 1586 1199 strophice
1635 1146 1937 1198 compositorum

231 1222 402 1274 primum
443 1222 484 1261 id
523 1222 594 1261 tibi
634 1223 839 1273 apparebit
877 1222 1094 1273 perexigua
1133 1233 1178 1260 ea
1216 1232 1302 1260 esse
1334 1220 1476 1259 deinde
1507 1219 1708 1258 dochmios
1739 1219 1780 1256 in
1812 1218 1950 1269 primis

232 1293 386 1334 levasse
421 1297 575 1346 poetam
608 1295 774 1334 vinculis
806 1295 1074 1345 stropharum:
1113 1296 1263 1344 septem
1304 1292 1407 1331 enim
1440 1291 1677 1343 dochmiaca,
1709 1302 1829 1328 unum
1862 1290 1951 1339 gly-

233 1377 397 1405 coneum
427 1366 672 1417 repperimus
704 1367 872 1417 cantica3
912 1366 1056 1417 quibus
1093 1369 1224 1405 autem
1264 1365 1360 1420 locis
1391 1364 1610 1403 fabularum
1642 1363 1830 1402 collocata
1862 1362 1949 1411 sint,

233 1437 267 1477 si
287 1437 576 1489 deliberaveris,
598 1438 744 1489 septies
763 1451 808 1477 ea
828 1438 1004 1477 invenies
1023 1441 1114 1476 ante
1136 1437 1425 1487 catastropham
1448 1436 1509 1474 vel
1528 1435 1697 1474 exodum
1714 1433 1948 1484 tragoediae:

232 1508 350 1549 Herc.
383 1510 468 1550 875
512 1512 605 1549 ante
647 1513 802 1549 catastr.
835 1507 980 1560 (Lyssa
1024 1513 1194 1548 mentem
1237 1507 1421 1547 Herculis
1463 1508 1505 1546 in
1549 1519 1615 1546 ara
1658 1506 1797 1545 domus
1841 1517 1950 1544 sacra

191 1664 197 1669 ·
234 1654 339 1704 (post
377 1653 503 1692 nuntii
543 1653 820 1703 narrationem)
851 1653 946 1692 Hec.
983 1653 1094 1692 1023
1137 1653 1252 1691 Herc.
1289 1652 1401 1691 1016
1444 1650 1549 1702 (post
1580 1663 1616 1689 n.
1636 1650 1688 1701 n.)
1729 1649 1801 1688 Ion
1837 1649 1948 1688 1229

234 1724 344 1779 (post
373 1737 410 1764 n.
429 1725 482 1774 n.)
513 1728 604 1764 ante
635 1725 805 1764 exodum
837 1725 1060 1775 tragoediae.
1102 1727 1221 1775 atque
1250 1724 1313 1762 his
1345 1723 1502 1775 quidem
1534 1722 1631 1761 locis
1662 1722 1804 1772 hisque
1834 1721 1949 1760 affec-

233 1797 340 1836 tibus
371 1797 602 1836 brevissima
634 1797 807 1836 carmina
838 1797 947 1835 chori
978 1799 1137 1847 tamque
1169 1796 1303 1835 brevia
1334 1799 1378 1834 ut
1409 1807 1459 1834 ne
1490 1794 1662 1845 strophis
1693 1793 1851 1844 quidem
1871 1792 1950 1832 dis-

232 1869 358 1920 posita
397 1869 478 1908 sint
516 1880 587 1908 cur
626 1872 717 1919 apta
754 1868 912 1908 duxerit
942 1868 1162 1920 Euripides,
1201 1867 1303 1906 ultro
1334 1869 1513 1918 apparet:
1556 1866 1682 1904 noluit
1713 1869 1827 1916 poeta
1859 1876 1950 1903 vere

232 1940 404 1991 tragicus
443 1940 684 1979 audientium
725 1941 866 1979 animis
908 1953 1100 1979 summam
1141 1940 1182 1978 in
1221 1939 1555 1990 exspectationem
1587 1938 1770 1976 adductis
1814 1949 1948 1976 eorum

189 2063 195 2070 ⁶
233 2024 334 2063 quae
376 2012 445 2051 diu
467 2012 552 2068 ‘vel
593 2016 751 2063 sperant
795 2013 858 2051 vel
889 2012 1173 2063 pertimescunt
1209 2011 1370 2062 grandis
1406 2010 1551 2050 chorici
1601 2010 1803 2060 imponere
1841 2021 1949 2048 onus.

231 2088 350 2135 atque
391 2084 446 2123 ita
488 2084 634 2123 factum
678 2088 741 2123 est
782 2087 826 2123 ut
868 2087 929 2123 ter
967 2084 1197 2134 astrophum
1236 2083 1425 2122 recitetur
1463 2082 1668 2121 stasimum
1712 2081 1806 2120 dum
1839 2084 1951 2120 extra

377 2237 404 2282 ¹)
429 2235 573 2271 Dctsch.
609 2235 687 2282 (65)
722 2235 757 2269 in
792 2235 1032 2271 enumerando
1070 2235 1217 2271 stasima
1253 2234 1406 2279 strophis
1444 2233 1602 2270 carentia
1636 2233 1817 2278 praeteriit
1843 2233 1948 2268 Herc.

232 2295 303 2332 875
327 2295 458 2332 Bacch.
486 2296 589 2332 1153.
638 2295 733 2331 idem
755 2295 871 2331 Orest.
891 2296 977 2331 stas.
998 2296 1101 2341 1353,
1130 2295 1220 2330 1537
1239 2294 1392 2340 strophis
1409 2293 1604 2338 composita
1622 2303 1700 2328 esse
1719 2294 1819 2328 notat
1839 2292 1948 2336 (148).

377 2355 404 2400 ²)
430 2355 524 2391 idem
550 2355 695 2391 Detsch.
722 2355 850 2390 hocin
882 2355 1047 2390 ‘stasimo'
1082 2355 1246 2400 strophas
1277 2355 1396 2389 inesse
1429 2353 1632 2388 existimare
1666 2352 1808 2387 videtur
1839 2353 1948 2397 (137).

234 2435 278 2441 -
305 2417 464 2451 ceterum
503 2426 535 2452 v.
567 2415 690 2451 Trach.
722 2414 889 2452 205-15
928 2418 1011 2450 sunt
1049 2414 1172 2459 (veluti
1210 2413 1340 2451 Christ.
1379 2414 1460 2453 665,
1498 2413 1615 2458 Jebb.)
1653 2412 1713 2458 qui
1751 2413 1949 2457 coryphaeo

233 2474 428 2511 attribuant
453 2475 665 2526 orbor-tanti,
705 2476 745 2510 ut
782 2475 892 2517 aiunt,
931 2474 1119 2510 choreutas
1158 2474 1239 2519 (211
1273 2468 1404 2511 παιᾶν’
1434 2469 1589 2521 ἀνάγετ’
1618 2463 1648 2509 ὦ
1673 2472 1878 2519 παρθένοι)
1904 2472 1948 2508 ad

234 2535 447 2571 cantandum
473 2534 687 2581 (216-‚25);
719 2545 785 2570 nec
811 2538 931 2570 tamen
966 2535 1146 2571 oboediret
1179 2534 1308 2569 chorus
1343 2533 1541 2579 coryphaeo
1579 2534 1638 2578 qui
1676 2532 1727 2567 sic
1764 2534 1948 2577 pergeret:

234 2594 353 2642 βοᾶτε
370 2589 544 2643 Ἄρτεμιν
569 2593 749 2643 γείτονάς
774 2608 815 2632 τε
843 2593 1018 2642 Νύμφας,
1045 2594 1175 2630 chorus
1201 2594 1294 2628 enim
1320 2605 1390 2629 non
1417 2595 1509 2642 βοᾶι
1534 2588 1720 2640 Ἄρτεμιν,
1755 2603 1824 2627 non
1858 2593 1949 2639 βοᾶι

235 2652 400 2701 Νύμφας
423 2654 486 2690 sed
511 2654 643 2690 Bacchi
667 2655 704 2689 in
730 2654 899 2690 honorem
933 2653 1038 2690 saltat
1076 2654 1275 2699 cantatque.
1326 2656 1423 2689 recte
1449 2663 1574 2689 versus
1608 2652 1863 2696 interpretatus
1897 2654 1950 2687 est

234 2723 326 2748 unus
351 2713 644 2749 Wilamowitzius
670 2714 776 2759 (apud
801 2714 985 2749 Sachsium
1012 2725 1046 2759 p.
1073 2714 1144 2758 35),
1195 2713 1383 2758 imperavit
1407 2712 1575 2749 Deianira
1600 2723 1632 2746 v.
1659 2711 1729 2747 202
1757 2704 1948 2758 φωνήσαῖ

236 2763 267 2810 ὦ
294 2778 471 2820 γυναῖκες
496 2771 540 2810 αἵ
561 2770 592 2810 τ’
619 2772 695 2811 ἔσω
723 2773 859 2821 στέγης
886 2771 929 2810 αἵ
957 2768 986 2811 τ’
1014 2772 1128 2817 ἐκτὸς
1160 2768 1285 2821 αι’·λῆς.
1335 2773 1465 2818 repetit
1489 2772 1633 2808 chorus:
1659 2781 1722 2806 vos
1747 2771 1842 2806 domi
1867 2781 1949 2806 can-

234 2836 306 2869 tate
332 2833 433 2878 pueri
466 2827 503 2877 (ὃ
528 2832 825 2880 μελλὸνυμφος),
863 2833 942 2874 viri,
981 2833 1146 2878 virgines,
1185 2843 1248 2878 ego
1285 2833 1322 2867 in
1361 2833 1542 2868 orchestra
1567 2831 1747 2867 Bacchum
1787 2830 1949 2876 praedico

234 2892 440 2937 (216—21).
490 2894 566 2927 tum
592 2892 722 2928 Lichae
748 2892 960 2928 renuntians
992 2893 1184 2928 adventum
1218 2892 1345 2928 chorus
1371 2893 1466 2927 totus
1491 2902 1555 2936 pro
1580 2890 1779 2936 coryphaeo
1804 2890 1950 2926 audien-

234 2952 323 2987 tium
348 2951 483 2987 animos
507 2952 617 2987 vertit
642 2952 678 2986 in
704 2963 744 2988 ea
769 2962 859 2997 quae
885 2952 919 2986 in
947 2962 1074 2988 scaena
1092 2954 1246 2997 aguntur
1263 2951 1426 2986 similiter
1443 2962 1484 2987 ac
1505 2962 1534 2986 v.
1555 2950 1626 2986 962
1651 2950 1712 2994 (cf.
1731 2961 1764 2996 p.
1785 2949 1831 2986 50
1844 2950 1949 2996 adn.).
