2210 3340
0 407 1 411 Α
2 361 5 374 ⁴·
0 65 15 346 -ῚἿΨ-’ὡΜ-Ᾰ--υικ-τῆε.
7 21 15 54 ,που
4 3 13 12 a

955 214 1251 256 -33-

241 337 487 388 respondens
518 336 622 387 (Wil.
654 336 747 376 Her.
777 335 846 375 112
871 334 959 388 81),
990 334 1083 374 huic
1113 334 1154 373 in
1187 333 1423 374 sententiam
1454 346 1533 374 non
1563 334 1694 374 minus
1724 334 1962 386 responden·

241 411 324 483 tem
355 408 574 449 sententiae
605 407 668 448 sui
698 406 915 458 ephymnii‚
947 405 1103 457 quando
1133 405 1292 456 quidem
1322 405 1456 445 verbis
1487 405 1604 456 epodi
1634 405 1782 456 (1020)

459 477 520 520 ἴθ’
552 472 588 518 ὦ
619 475 756 528 Βάκχε
787 477 1079 530 θηραγρευτᾶι
1111 477 1324 527 (Dindorfs
1360 473 1628 529 θηραγρότα)
1661 481 1834 526 Βακχᾶν

458 552 655 602 περίβαλε
686 545 849 601 βρόχον
881 545 1127 597 θανάσιμον

235 621 356 674 ‘quasi
385 621 513 673 repeti
542 624 710 673 apparet
739 621 860 660 verba
889 620 1097 672 ephymnii
1128 619 1245 671 (993)

456 692 533 732 ἴτω
567 694 669 732 Δίκα
702 688 944 743 ξιφηφόρος
976 688 1157 741 φονεύοί
1170 702 1286 731 σα...

456 760 532 804 τὸν
564 759 698 804 ἄθεον
731 760 917 814 Ἐχίονος
949 760 1088 804 τόκον.

237 839 410 888 utroque
439 836 564 887 igitur
594 835 680 875 loco
710 836 880 875 formam
917 835 1103 875 carminis
1143 835 1270 874 tribus
1311 835 1490 875 exornati
1531 835 1758 886 ephymniis
1797 835 1958 886 paulum

237 911 396 960 poetam
429 912 603 948 mutasse
634 907 917 947 concludimus.
948 930 1006 935 -
1038 907 1158 946 huius
1200 907 1298 946 artis
1337 906 1511 946 carmina
1553 907 1781 959 ephymniis
1821 907 1959 958 triper-

234 980 364 1020 fiendi
407 984 609 1032 praeterea
647 991 774 1031 pauca
814 982 970 1019 tantum
1014 979 1239 1029 congesturi
1285 990 1425 1018 sumus
1467 978 1662 1054 exempla,
1707 978 1777 1018 sed
1816 978 1959 1030 quibus

237 1051 432 1092 latissime
461 1064 549 1092 eam
578 1063 743 1102 regnare
772 1051 924 1103 liquido
955 1053 1150 1102 appareat.

380 1126 499 1175 poeta
527 1123 597 1163 ille
627 1123 853 1174 praeclarus
884 1123 952 1174 qui
984 1134 1141 1162 carmen
1167 1124 1207 1162 ,Ω
1232 1122 1363 1162 affixit
1391 1122 1508 1162 Iliadi
1539 1120 1707 1174 θρῆνον
1736 1122 1785 1162 ab
1806 1122 1958 1161 Andro-

237 1196 379 1236 macha
408 1195 573 1236 Hecuba
597 1195 751 1235 Helena
782 1195 823 1233 in
842 1195 1053 1234 Hectorem
1083 1197 1282 1234 cantatum
1313 1194 1433 1246 (783)
1464 1194 1591 1233 tribus
1621 1194 1747 1233 voluit
1777 1197 1957 1234 constare

237 1264 449 1319 ‘strophis⁷‚
480 1267 695 1318 unicuique
725 1266 879 1306 addidit
908 1266 1180 1318 ephymnium,
1219 1266 1370 1317 primae
1400 1266 1593 1318 alterique
1623 1264 1691 1306 ἐπὶ
1726 1261 1760 1305 δ’
1794 1261 1957 1305 {aravo}-

232 1352 368 1390 χοντο
400 1346 604 1389 γυναῖκες,
637 1339 779 1379 tertiae
810 1369 819 1378 .
835 1337 1014 1379 ..ἔστενε
1048 1338 1181 1389 δῆμος
1215 1335 1411 1389 ἀπείρων.

379 1414 520 1450 cantus
552 1422 630 1462 quo
661 1409 869 1462 Olympiae
907 1410 1152 1450 salutabatur
1190 1410 1316 1449 victor
1345 1433 1403 1437 —
1435 1411 1674 1458 καλλίνικος
1712 1409 1781 1449 ille
1814 1405 1839 1449 ὁ
1869 1423 1955 1461 τρι-

232 1479 374 1532 πλόος
413 1479 630 1533 κεχλαδώς
670 1505 730 1510 —-
770 1486 834 1522 ter
872 1482 1234 1533 interrumpebatur
1273 1481 1488 1533 ephymnio
1526 1477 1706 1533 τήνελλα
1745 1482 1956 1521 καλλίνικε

232 1555 360 1606 (recte
391 1554 450 1594 sic
480 1554 572 1594 Wil.
604 1555 697 1594 Her.
728 1554 797 1594 ΙΙ2
829 1554 908 1605 49;
939 1554 1054 1594 aliter
1084 1553 1207 1604 Sybel
1237 1553 1371 1594 Herm.
1404 1553 1442 1590 V
1476 1553 1591 1605 192).

378 1629 599 1676 mystarum
630 1627 775 1666 chorus
807 1638 927 1678 quem
958 1626 1156 1666 Ranarum
1196 1625 1330 1665 fabula
1361 1624 1514 1664 inducit
1543 1628 1625 1664 tres
1657 1624 1830 1664 celebrat
1859 1624 1954 1664 deos

234 1697 370 1751 (370),
389 1697 666 1750 Proserpinam
687 1698 874 1738 Cererem
903 1698 1111 1749 Jacchum3
1151 1709 1307 1737 carmen
1338 1696 1502 1737 tertium
1532 1697 1660 1736 tribus
1692 1696 1953 1748 compositum

197 1809 203 1811 ,
230 1772 298 1810 est
329 1769 514 1823 strophis,
544 1773 607 1810 ter
636 1770 832 1822 repetitur

630 1836 761 1892 Ἴακχε
793 1838 1074 1894 φιλοχορευτὰ
1107 1836 1410 1893 συμπρόπεμπέ
1441 1854 1491 1889 με
1500 1838 1547 1895 1).

376 1912 521 1953 Avium
553 1914 687 1954 fabula
730 1914 813 1954 exit
851 1914 892 1953 in
938 1907 1072 1962 ωἰὁάς
1112 1913 1202 1953 illas
1246 1908 1473 1961 ὑμεναίους
1516 1912 1658 1964 quibus
1700 1911 1953 1963 excipiuntur

230 1984 323 2025 Rex
361 1989 403 2025 et
441 1986 605 2037 Regina.
668 1991 748 2026 tres
797 1989 891 2025 sunt
930 1985 1207 2025 cantiunculae
1249 1985 1392 2035 (1731.
1437 1986 1507 2024 37.
1545 1984 1631 2037 48),
1671 1986 1733 2023 ter
1772 1986 1953 2023 cantatur

228 2055 410 2098 clausula
435 2103 447 2113 ·
1032 2109 1046 2116 -
1310 2108 1325 2115 -

851 2114 982 2169 Ὑμὴν
1014 2117 1049 2156 ὠ
1080 2112 1258 2166 Ὑμέναι’
1292 2116 1340 2157 ὠ.

230 2188 414 2229 videmus
444 2189 567 2240 igitur
604 2193 644 2230 et
674 2190 716 2229 in
747 2189 910 2229 deorum
924 2188 956 2241 2)
998 2192 1038 2228 et
1077 2189 1118 2228 in
1152 2191 1396 2228 mortuorum
1409 2185 1444 2241 3)
1484 2187 1596 2227 cultu
1638 2187 1745 2226 hunc
1784 2198 1951 2237 regnare

228 2272 452 2314 numerum,
482 2265 564 2302 tres
595 2262 743 2302 cantari
776 2261 970 2313 strophas,
1002 2261 1076 2300 tria
1107 2260 1322 2312 ephymnia
1340 2263 1379 2300 et
1395 2259 1438 2298 in
1461 2258 1673 2310 triumphis
1693 2258 1948 2299 sollemnibus

226 2337 272 2374 et
299 2334 342 2373 in
371 2334 528 2386 pompis
559 2334 620 2373 dis
651 2333 804 2373 oblatis.
813 2333 845 2382 4)

374 2486 402 2532 ²)
426 2487 501 2522 tres
525 2485 668 2522 recitari
693 2485 855 2531 strophas
880 2485 962 2531 quia
985 2486 1060 2521 tres
1084 2485 1251 2520 adessent
1281 2483 1379 2520 chori
1405 2483 1566 2530 quamvis
1592 2482 1694 2518 multi
1729 2482 1847 2519 conati
1877 2482 1949 2517 sint

230 2545 420 2582 nemodum
446 2546 561 2582 evicit.

375 2617 402 2662 ¹)
427 2618 474 2654 cf.
499 2617 788 2654 Preller-Robert
813 2616 951 2662 Myth.⁴
992 2615 1060 2653 109
1086 2627 1118 2662 q.
1145 2626 1174 2653 s,
1211 2636 1259 2642 —
1296 2614 1440 2652 Wilam.
1466 2614 1576 2651 verba
1609 2615 1654 2651 ad
1688 2626 1721 2651 v.
1749 2614 1817 2650 163
1845 2613 1885 2649 Ο.
1903 2612 1944 2648 R.

226 2687 252 2714 a
275 2677 434 2714 Bruhnio
458 2677 584 2714 editae.

375 2747 404 2796 ⁸)
430 2749 478 2785 cf.
503 2749 602 2785 Diels
626 2748 746 2795 Sibyll.
774 2748 828 2786 Bl.
854 2749 943 2786 40¹:
982 2749 1039 2784 die
1077 2747 1225 2794 geltung
1262 2748 1324 2783 der
1359 2745 1517 2783 dreizahl
1547 2746 1595 2781 im
1621 2744 1798 2781 totenkult
1820 2744 1947 2790 gehort

227 2819 274 2844 zu
298 2808 368 2844 den
394 2808 595 2845 bekannten
619 2809 758 2855 dingen.
810 2810 933 2845 nostra
956 2809 1108 2844 interest
1133 2809 1309 2844 mortuum
1336 2808 1395 2843 ter
1414 2805 1570 2842 invocari
1599 2805 1661 2851 (W
1663 2804 1696 2840 il.
1715 2804 1823 2841 Her.²
1848 2805 1944 2851 119).

373 2868 401 2911 ⁴)
425 2868 568 2905 Usener
591 2868 754 2905 Dreiheit
780 2868 828 2905 M.
855 2868 966 2905 Rhen.
994 2867 1052 2911 58,
1080 2869 1112 2904 1.
1150 2867 1228 2903 drei
1265 2867 1370 2903 chore
1404 2876 1474 2902 von
1508 2867 1655 2901 tanzern
1687 2865 1760 2901 und
1792 2867 1946 2910 sangern

228 2930 375 2965 miissen
400 2927 479 2964 eine
504 2928 587 2964 sehr
619 2927 760 2964 iibliche
800 2929 871 2964 und
905 2927 1118 2964 verbreitete
1156 2927 1348 2972 forderung
1384 2926 1448 2961 der
1483 2924 1738 2971 gottesdienste
1781 2934 1944 2970 gewesen

1659 2998 1680 3032 3
