2210 3340
993 228 1283 270 ,66-

293 346 414 386 nostri
444 345 622 396 intellegi
653 346 777 397 possit
806 347 971 386 insania:
1003 351 1071 387 aut
1102 348 1200 387 deus
1231 349 1360 387 nescio
1392 349 1459 399 qui
1483 352 1615 388 mente
1636 361 1726 388 eum
1743 349 1911 400 privavit
1927 349 1986 403 (α)

293 420 361 456 aut
390 417 510 456 fictus
541 420 601 456 est
631 417 789 456 morbus
819 419 867 456 ab
886 418 1034 457 Atridis
1065 422 1104 458 et
1121 419 1237 458 Ulixe
1257 415 1344 472 (oc‘)3
1379 424 1582 470 utramque
1604 432 1694 459 vero
1713 420 1791 459 iam
1821 431 1998 460 commea

292 491 509 527 moraverat
539 488 780 539 coryphaeus
811 488 929 541 (137)

720 572 762 610 σὲ
797 567 831 609 δ’
856 565 961 610 ὅταν
992 569 1133 623 πληγὴ
1169 570 1263 620 Διὸς
1295 569 1318 624 ἢ
1356 570 1533 624 ζαμενὴς

719 637 846 691 λόγος
877 641 919 681 ἐκ
952 644 1129 682 Δαναῶν
1160 640 1401 694 κακόθρους
1433 643 1584 695 ἐπιβῆι,

714 712 846 762 μέγαν
877 708 1006 752 ὄκνον
1036 711 1118 763 ἔχω
1134 744 1143 753 .
1161 745 1169 753 .
1186 745 1194 752 .
1538 768 1541 770 -

292 797 413 844 atque
444 806 533 833 cum
564 794 759 844 anapaesti
802 795 908 834 illius
948 796 1132 847 chorique
1172 797 1367 836 canticum
1397 798 1459 836 vel
1498 799 1538 836 in
1578 799 1741 838 eandem
1781 803 1989 840 excurrant

292 865 529 904 sententiam
561 887 617 893 —
649 865 709 903 bis
739 865 843 903 enim
875 866 976 905 Aiax
1006 867 1162 906 iubetur
1192 868 1326 917 egredi
1364 880 1637 919 rumoremque
1676 870 1840 910 disicere
1872 870 1987 922 (166.

294 936 507 975 167—71.
571 936 818 987 191—195)
850 936 967 976 sicuti
999 937 1322 987 Clytaemestram
1366 939 1422 978 bis
1464 939 1738 990 interrogatam
1767 941 1988 982 audivimus

291 1018 361 1045 cur
392 1006 679 1056 sacrificaverit,
710 1007 927 1057 Aeschylea
959 1011 1155 1048 structura
1185 1009 1258 1048 hac
1289 1021 1443 1061 quoque
1473 1010 1513 1048 in
1537 1011 1681 1061 parodo
1699 1011 1908 1052 invenitur.

437 1076 653 1117 Alcestidis
683 1078 884 1128 anapaesti
914 1079 1117 1130 perpauci;
1156 1084 1196 1118 at
1234 1080 1307 1119 hoc
1337 1081 1377 1119 in
1407 1082 1613 1132 propatulo
1643 1085 1705 1121 est
1734 1082 1878 1133 optime
1920 1082 1988 1122 ad-

291 1147 403 1198 iungi
432 1160 548 1199 posse
578 1149 774 1188 trimetros
805 1149 1014 1199 coryphaei

659 1232 740 1271 136
776 1228 861 1270 ἀλλ’
888 1226 951 1282 {J'd'
978 1230 1154 1272 ὀπαδῶν
1186 1232 1229 1272 ἐκ
1263 1230 1406 1282 (δόμων
1438 1249 1499 1282 τις
1530 1234 1686 1285 ἔρχεται

778 1302 1110 1354 δακρυρροοῦσα,
1145 1307 1238 1344 τίνα
1270 1301 1404 1356 τύχην
1434 1303 1689 1355 ἀκούσομαι,·

291 1384 435 1423 omisso
465 1385 572 1423 chori
602 1385 751 1424 cantico
780 1387 1000 1436 anapaestis
1035 1389 1088 1427 79
1121 1400 1158 1439 q.
1173 1399 1201 1427 s.
1235 1389 1299 1438 (cf.
1320 1388 1407 1428 wil.
1430 1388 1495 1428 Gr.
1517 1389 1579 1428 Tr.
1600 1389 1674 1439 ΠΙ,
1695 1389 1793 1439 154)

789 1464 875 1507 ἀλλ’
904 1467 1002 1508 οὐδὲ
1034 1471 1171 1518 φίλων
1202 1471 1329 1518 πέλας
1361 1468 1509 1520 οὐδείς,

788 1532 900 1587 ὅστις
933 1535 984 1579 ἂν
1015 1539 1123 1580 εἴποι
1154 1537 1334 1593 πότερον
1366 1542 1577 1593 φθιμὲνην

786 1612 985 1658 βασίλεαν
1015 1615 1186 1651 πενθεῖν
1214 1609 1293 1663 χρὴ
1327 1615 1480 1652 Πελίου
1511 1610 1638 1662 παῖδ’,

786 1676 811 1731 ἢ
848 1679 949 1732 ζῶσ’
975 1680 1034 1721 ἔτι
1066 1682 1158 1731 φῶς
1190 1680 1284 1723 τόδε
1314 1682 1486 1724 λεύσσει.

293 1774 462 1813 namque
493 1774 645 1802 summa
665 1764 803 1802 cantici
835 1770 913 1803 est:
945 1765 1125 1805 dubitant
1144 1767 1350 1806 choreutae
1370 1771 1414 1806 ut
1432 1767 1624 1806 dubitavit
1642 1767 1726 1806 dux
1755 1767 1806 1807 de
1834 1768 1990 1807 fortuna

291 1832 512 1873 Alcestidis.
519 1833 703 1885 —itaque
711 1835 888 1885 quamvis
895 1835 1185 1876 decurtaverint
1191 1838 1384 1877 canticum
1391 1838 1690 1891 anapaesticum,
1697 1850 1773 1878 non
1779 1839 1989 1879 recessisse

291 1903 477 1943 videntur
491 1907 628 1955 poetae
648 1905 819 1945 minores
837 1907 886 1945 ab
904 1910 988 1946 arte
999 1908 1186 1957 Aeschyli
1198 1921 1286 1948 cum
1302 1909 1467 1960 parodos
1486 1910 1688 1949 struebant
1705 1922 1813 1949 more
1829 1909 1937 1949 illius
1945 1908 1987 1960 1).

434 2034 699 2085 separavimus
716 2035 845 2075 adhuc
861 2040 1091 2088 anapaestos
1122 2038 1263 2089 quibus
1293 2039 1535 2089 praeluditur
1566 2039 1736 2079 stasimis
1765 2040 1814 2079 ab
1844 2039 1901 2079 eis
1918 2039 1988 2091 qui

291 2104 532 2155 praecedunt
549 2106 716 2157 parodis.
747 2109 787 2145 at
807 2107 881 2146 fuit
899 2110 1054 2159 tempus
1075 2121 1165 2148 cum
1187 2108 1334 2149 Graeca
1354 2110 1550 2160 tragoedia
1567 2113 1797 2161 argumento
1815 2110 1987 2150 stasimis

256 2166 258 2168 ’
290 2175 513 2227 parodoque
542 2176 715 2216 nondum
733 2177 937 2228 dispertito
966 2179 1052 2230 ipsa
1071 2179 1141 2219 illa
1159 2183 1352 2220 constaret
1370 2181 1514 2232 parodo
1533 2181 1597 2220 vel
1617 2181 1651 2220 si
1671 2181 1796 2221 mavis
1815 2181 1986 2222 stasimo.

292 2249 502 2298 utrumque
532 2248 637 2286 enim
668 2248 869 2288 choricum
901 2249 1025 2288 forma
1055 2251 1228 2301 putanda
1269 2254 1330 2290 est
1367 2252 1544 2291 eiusdem
1582 2252 1764 2291 carminis
1803 2252 1904 2292 sacri
1941 2264 1988 2291 ac

435 2372 463 2418 ¹)
488 2373 672 2409 stasimum
697 2374 792 2410 Ionis
820 2373 910 2424 1229
937 2376 1118 2421 excipiunt
1142 2377 1320 2422 anapaesti
1353 2378 1516 2413 undecim
1549 2378 1744 2424 coryphaeo
1777 2379 1988 2415 attribuendi

293 2441 380 2476 quos
404 2432 448 2467 ad
473 2432 603 2468 chorici
626 2434 869 2478 praecedentis
896 2434 1076 2480 exemplar
1100 2436 1308 2481 compositos
1333 2447 1411 2472 esse
1437 2437 1552 2472 elucet
1575 2448 1655 2473 cum
1681 2448 1725 2473 ex
1757 2438 1866 2474 initiis
1899 2439 1987 2474 miro

293 2484 443 2535 quodam
473 2492 576 2527 modo
612 2492 889 2536 congruentibus
925 2495 1116 2538 (canticum
1150 2495 1264 2530 chori:
1303 2491 1384 2533 οὐκ
1421 2494 1621 2534 ἔστιν..
1659 2496 1832 2536 θανάτου
1868 2511 1987 2547 παρα-

293 2542 463 2596 τροπὰ..
475 2575 484 2585 .
511 2550 708 2595 anapaesti:
735 2546 819 2588 οὐκ
844 2550 950 2589 ε’στι
976 2555 1125 2598 λαθεῖν)
1151 2556 1226 2589 tum
1251 2565 1296 2589 ex
1320 2556 1514 2600 sententiis,
1547 2524 1683 2601 (ιιιειιᾱο
1713 2557 1855 2602 quidem
1885 2568 1987 2603 cory-

293 2608 428 2652 phaeus
452 2609 639 2654 postquam
664 2609 792 2645 chorus
817 2610 1028 2646 exclamavit
1058 2613 1163 2657 (1231
1191 2623 1223 2658 q.
1242 2615 1285 2658 s.)
1318 2614 1467 2662 φανερὰ
1498 2613 1610 2652 τάδε
1648 2642 1657 2651 .
1690 2618 1887 2664 συμφοραὶ
1914 2617 1988 2664 μὲν

297 2664 412 2712 ἐμῶι
443 2668 562 2715 βίωι,
593 2662 770 2715 λευσιμοι
807 2668 849 2706 δὲ
878 2673 1126 2718 καταφθοραὶ
1163 2674 1424 2710 δεσποίναι.
1461 2675 1546 2711 τίνα
1577 2673 1769 2722 φυγὰν...
1805 2676 1988 2723 πορευθῶ

292 2724 527 2763 θανάτου.
566 2753 574 2761 .
602 2741 717 2765 αταν
742 2723 1031 2776 ἀποφεύγουσα,
1066 2731 1167 2775 quasi
1191 2730 1278 2766 haec
1313 2733 1452 2767 omnino
1485 2744 1555 2768 non
1588 2735 1708 2769 essent
1741 2733 1843 2777 dicta,
1874 2735 1987 2770 denuo

294 2784 431 2828 quaerit
455 2784 579 2830 (1246)
610 2787 654 2823 τί
688 2781 771 2824 ποτ’
799 2786 829 2824 ὠ
856 2787 1039 2826 δέσποινα
1069 2789 1178 2836 μένει
1210 2803 1258 2827 σε
1287 2795 1481 2837 παθεῖν,
1516 2783 1592 2839 ἆρα
1623 2787 1759 2830 αυταὶ
1788 2790 1986 2840 πεισόμεθ’

295 2835 421 2890 ὥσπερ
446 2843 492 2880 τὸ
519 2845 688 2890 &lxmam
713 2866 758 2871 —
784 2857 828 2882 an
853 2848 1033 2892 anapaesti
1059 2848 1237 2893 Euripidei
1269 2860 1339 2885 non
1364 2853 1448 2885 sunt
1482 2853 1518 2885 in
1543 2851 1657 2886 locum
1687 2851 1789 2896 lyrici
1822 2851 1987 2888 carminis

293 2902 463 2946 suppositi
476 2904 516 2938 ut
527 2902 624 2938 chori
643 2905 763 2949 partes
782 2905 1100 2942 imminuerentur?
1127 2907 1188 2952 (cf.
1201 2907 1283 2944 Wil.
1299 2909 1357 2944 Gr.
1374 2909 1430 2945 Tr.
1443 2909 1509 2952 ΠΙ,
1525 2910 1592 2946 154
1605 2911 1647 2946 de
1660 2910 1735 2946 Alc.
1750 2921 1783 2946 v.
1799 2911 1984 2955 131—35).
