2210 3340
944 225 1239 267 -45„-.

232 350 411 388 cantetur
428 359 558 399 neque
576 349 667 386 ante
687 345 958 386 commaticam
977 357 1172 384 scaenam.
1215 345 1291 384 hoc
1307 349 1439 384 autem
1462 345 1671 384 stasimum
1691 357 1793 397 quae
1814 345 1952 385 subse-

232 419 367 472 quitur
397 430 539 458 scaena
576 430 654 457 non
683 417 879 467 integram
910 428 999 456 esse
1028 416 1212 455 traditam
1243 428 1335 456 cum
1366 414 1471 455 inter
1501 428 1637 456 omnes
1668 420 1831 469 constet,
1862 420 1953 468 post

181 487 183 489 ’
230 475 340 530 illud*
366 490 500 542 ipsum
538 489 735 528 canticum
775 500 853 539 quo
892 487 978 527 loco
1018 487 1102 527 hiat
1141 487 1263 526 oratio
1305 487 1399 526 olim
1440 499 1640 526 commum
1680 488 1953 528 monodiamve

229 561 424 602 Maeuiae
463 561 528 600 vel
564 559 722 599 omnino
767 559 932 610 lyricam
980 571 1162 599 scaenam
1202 559 1329 598 fuisse
1369 559 1613 598 confidenter
1655 560 1843 599 confirmo
1884 560 1950 610 (cf.

231 632 322 672 Wil.
354 632 488 672 Herm.
525 632 591 684 17,
623 632 707 671 337
743 643 779 682 q.
800 631 860 682 s.).

373 704 470 743 haec
506 703 683 742 numeris
721 703 971 754 stropharum
1001 701 1210 752 diligenter
1240 701 1394 741 collatis
1437 701 1570 752 colligi
1611 707 1791 753 possunt.
1824 725 1879 732 -—
1911 706 1953 743 at
1978 718 1981 722 ·

229 775 479 827 stropharum
516 786 709 814 numerus
745 786 841 814 sane
871 773 1062 825 paulatim
1091 773 1343 824 imminutus3
1376 773 1548 812 carmina
1578 773 1666 824 ipsa.
1696 786 1793 813 num
1822 774 1951 813 minu-

228 846 334 887 erint
371 850 512 898 poetae
551 849 597 885 ut
627 845 892 894 enucleemus,
933 845 1010 884 alia
1039 844 1375 896 progrediendum
1405 848 1468 884 est
1497 845 1582 884 via:
1624 845 1815 885 definitur
1844 845 1952 885 enim

226 918 412 959 carminis
442 917 661 969 amplitudo
691 929 770 957 non
802 917 930 956 solum
961 929 1124 956 numero
1155 928 1295 956 verum
1324 916 1441 956 etiam
1471 916 1622 955 ambitu
1647 929 1783 956 earum
1808 917 1950 968 quibus

227 994 383 1030 constat
421 990 611 1042 partibus,
685 989 869 1040 strophae
910 988 1021 1040 ipsae
1059 988 1183 1038 igitur
1221 991 1357 1027 utrum
1397 988 1593 1027 creverint
1618 1001 1681 1040 an
1720 988 1951 1029 imminutae

225 1062 316 1113 sint,
346 1061 630 1114 inquirendum
654 1064 725 1100 est.

372 1133 555 1184 strophae
574 1132 739 1172 historia
768 1131 941 1171 nondum
960 1131 1194 1182 conscripta.
1235 1143 1373 1170 verum
1398 1131 1439 1169 id
1459 1131 1522 1170 vel
1543 1131 1696 1183 antiqui
1715 1132 1950 1172 intellexere

226 1205 370 1246 musici
400 1205 527 1256 (Dion.
558 1204 607 1244 H.
639 1204 690 1243 de
720 1215 846 1254 comp.
878 1204 983 1243 verb.
1009 1204 1074 1252 19,
1107 1200 1297 1256 [Censor]
1330 1203 1380 1242 de
1410 1203 1562 1242 musica
1593 1202 1659 1242 Gr.
1685 1203 1730 1244 L.
1754 1203 1815 1242 IV
1848 1205 1948 1255 608)

225 1277 429 1329 stropham
448 1276 596 1327 lyricae
626 1275 735 1327 poesi
766 1275 1005 1326 peculiarem
1035 1275 1237 1314 inventam
1269 1286 1368 1325 esse,
1399 1278 1444 1314 ut
1474 1275 1613 1326 loquar
1643 1276 1701 1314 uti
1721 1275 1800 1326 ipsi
1821 1276 1951 1316 solent

224 1348 378 1398 Graeci,
407 1348 450 1388 in
469 1348 565 1387 Asia
595 1347 722 1387 omnis
758 1358 923 1398 poeseos
954 1351 1090 1397 matre,
1127 1346 1251 1386 multo
1282 1358 1374 1386 vero
1405 1347 1683 1398 amplificatam
1713 1347 1754 1386 in
1787 1346 1950 1388 Graecia

224 1421 313 1472 ipsa
347 1432 441 1460 cum
470 1419 557 1460 illic
587 1419 804 1470 perexiguo
834 1418 1042 1458 terminata
1074 1422 1180 1458 esset
1210 1418 1388 1458 circuitu.
1435 1422 1517 1458 tres
1548 1418 1611 1457 vel
1642 1422 1828 1470 quattuor
1857 1419 1948 1459 illos

227 1491 446 1532 versiculos
485 1503 508 1531 e
551 1491 695 1542 quibus
735 1492 951 1541 composita
986 1502 1075 1530 esse
1106 1490 1205 1529 solet
1237 1490 1397 1541 stropha
1427 1490 1588 1529 Alcaica
1618 1490 1813 1541 Sapphica
1844 1492 1948 1531 Ana-

224 1566 409 1604 creontea
438 1574 617 1616 quosque
648 1562 861 1614 dispositos
891 1574 980 1602 esse
1012 1566 1165 1602 constat
1196 1562 1413 1602 secundum
1444 1562 1604 1602 schema
1635 1575 1659 1601 a
1676 1575 1700 1601 a
1718 1563 1743 1601 b
1769 1561 1948 1612 (Crusius

225 1635 333 1676 Com.
355 1635 468 1675 Ribb.
493 1647 531 1686 p.
554 1635 622 1683 20,
653 1634 912 1684 Wil.1syllos
939 1632 1039 1686 133)
1057 1634 1137 1673 iam
1157 1635 1205 1673 ab
1228 1634 1419 1674 Alcmane
1438 1634 1493 1673 ita
1524 1634 1706 1674 videmus
1736 1637 1874 1673 auctos
1904 1635 1947 1673 in

223 1707 430 1759 parthenio
469 1710 515 1746 ut
553 1718 624 1758 pro
665 1706 834 1756 singulis
873 1706 1053 1745 versibus
1093 1706 1244 1757 positae
1288 1706 1370 1745 sint
1406 1706 1591 1758 strophae
1630 1707 1829 1758 parvulae,
1875 1718 1946 1758 pro

226 1781 372 1830 στίχωι
403 1777 576 1819 exmovit
608 1775 633 1830 ἡ
667 1772 862 1826 ἐπωιδός.
924 1778 1063 1818 eadem
1103 1778 1167 1817 via
1204 1778 1362 1828 longius
1404 1781 1682 1829 processerunt
1713 1778 1946 1828 Simonides,

221 1851 263 1891 id
299 1849 410 1903 ‘quod
439 1850 659 1890 ostenditur
700 1851 742 1889 in
781 1850 919 1902 primis
958 1844 1128 1902 θρήνωι
1170 1850 1238 1889 illo
1279 1863 1399 1902 quem
1439 1850 1609 1890 dicimus
1642 1847 1807 1901 Δανάης
1838 1850 1946 1904 (Wil.

221 1922 276 1963 Is.
318 1923 419 1974 146)
457 1922 703 1974 epinicioque
748 1922 896 1974 Scopae
936 1922 1063 1962 dicato
1101 1922 1161 1974 (fr.
1195 1924 1219 1961 5
1253 1922 1317 1974 B),
1356 1922 1604 1962 Stesichorus
1647 1922 1856 1972 Pindarus,
1895 1923 1946 1962 de

221 1995 365 2047 quibus
402 1995 499 2035 haec
529 1994 743 2045 Dionysius
783 1995 808 2034 1.
840 1995 866 2034 l.
907 1994 947 2034 οἱ
985 1996 1076 2046 περὶ
1108 1997 1378 2046 Στησίχορον
1415 1996 1487 2034 καὶ
1519 1995 1737 2046 Πίνδαρον
1774 1996 1946 2045 μείζους

222 2067 358 2119 (quam
390 2064 557 2121 Aeolici)
595 2063 868 2119 ἐργασόᾳιενοι
907 2063 983 2114 τὰς
1024 2067 1249 2119 περίοὸους
1287 2067 1344 2116 εἰς
1382 2063 1520 2107 πολλὰ
1558 2067 1689 2118 μέτρα
1725 2068 1796 2106 καὶ
1827 2065 1944 2106 κῶλα

221 2137 433 2187 διένειμαν
464 2134 608 2188 αὐτάς.
671 2142 789 2190 atque
825 2151 917 2178 ecce
947 2138 1109 2179 tandem
1145 2139 1321 2179 carmina
1359 2139 1428 2178 illa
1458 2139 1665 2178 Pindarica
1704 2142 1815 2178 vasta
1852 2151 1942 2178 con-

218 2210 358 2262 spicua
396 2209 655 2261 amplitudine
697 2210 948 2262 stropharum
987 2210 1104 2261 quale
1142 2211 1290 2261 legitur
1326 2223 1358 2250 e.
1391 2223 1428 2260 g.
1459 2210 1600 2250 Isthm.
1634 2210 1744 2250 VIII.
1806 2222 1944 2250 verum

217 2282 288 2323 illo
318 2295 342 2323 e
372 2283 522 2324 semine
565 2285 693 2323 ortam
735 2295 823 2323 esse
866 2283 969 2322 hanc
1011 2283 1190 2323 arborem
1231 2296 1424 2335 perquam
1455 2283 1717 2334 magnificam,
1761 2282 1942 2333 quamvis

218 2366 346 2406 pauca
400 2358 600 2407 comperta
648 2356 862 2395 habeamus
909 2356 958 2396 de
998 2356 1212 2406 lyricorum
1262 2357 1375 2407 poesi
1416 2360 1507 2396 ante
1548 2369 1609 2395 an.
1642 2356 1729 2395 498
1767 2355 1942 2406 florente,

218 2429 372 2466 certum
411 2430 485 2467 est.
521 2450 578 2457 —
615 2430 657 2466 at
692 2440 716 2467 a
752 2428 989 2467 carminibus
1026 2428 1242 2467 Pindaricis
1281 2428 1332 2467 ad
1372 2428 1594 2477 Aeschylea
1634 2427 1824 2466 transitus
1864 2439 1942 2465 non

219 2500 290 2537 est.
351 2502 542 2550 quantum
584 2499 633 2538 ab
668 2499 775 2538 illius
816 2499 995 2550 epiniciis
1033 2500 1222 2539 differunt
1261 2500 1418 2539 chorica
1456 2499 1594 2550 Suppl.
1626 2499 1938 2549 Persarumque!

218 2568 407 2609 differunt
426 2570 562 2620 forma,
594 2583 685 2609 nam
700 2571 811 2610 binas
831 2574 986 2610 tantum
1016 2572 1257 2622 respondere
1289 2572 1470 2622 strophas
1489 2571 1704 2621 tragoediae
1725 2570 1939 2621 proprium,

218 2639 300 2680 illis
336 2644 405 2680 aut
440 2654 512 2692 per
541 2641 690 2681 triades
721 2646 790 2681 aut
819 2654 890 2694 per
922 2643 1104 2694 strophas
1135 2643 1479 2694 progredientibus
1511 2642 1726 2682 identidem
1759 2641 1940 2692 repetitis

217 2711 282 2763 (cf.
307 2724 344 2763 p.
367 2713 457 2764 25);
490 2713 680 2752 differunt
699 2714 894 2753 numeris:
926 2726 1018 2753 nam
1043 2726 1115 2753 nec
1136 2714 1332 2753 Pindarus
1352 2726 1540 2765 umquam
1564 2714 1770 2764 usurpavit
1790 2713 1939 2752 iambos

217 2783 423 2823 trochaeos
437 2783 466 2834 1)
498 2784 700 2824 dochmios
731 2785 913 2835 dactylos
949 2786 1085 2836 quales
1117 2786 1352 2836 Aeschylus,
1384 2785 1532 2825 ionicos
1563 2797 1655 2824 vero
1686 2797 1844 2836 perraro
1875 2786 1938 2835 (cf.

364 2876 392 2921 ¹)
417 2875 511 2922 quod
536 2875 619 2911 olim
644 2876 784 2912 censuit
809 2876 894 2912 Wil.
924 2875 1037 2922 (Com.
1063 2878 1166 2913 metr.
1193 2877 1231 2912 II
1256 2877 1318 2923 29)
1351 2877 1536 2913 trochaeos
1570 2877 1783 2922 tragicorum
1817 2877 1937 2923 specie

215 2935 357 2970 tantum
381 2935 533 2970 differre
558 2946 580 2971 a
603 2935 896 2982 dactyloepitritis
921 2936 1116 2973 Pindaricis
1142 2937 1261 2973 nescio
1285 2947 1331 2973 an
1356 2947 1452 2973 nunc
1476 2947 1547 2972 non
1572 2937 1643 2972 iam
1668 2938 1798 2973 teneat.
