2210 3340
933 230 1227 270 -41-

366 353 408 390 at
438 350 587 390 scimus
619 353 797 390 extrema
827 349 930 388 vitae
962 361 1057 388 suae
1088 352 1215 388 aetate
1236 349 1478 398 Aeschylum
1500 348 1773 387 deflectentem
1804 359 1828 386 a
1851 346 1944 386 trita

224 421 290 462 via
320 421 487 462 subinde
518 421 727 473 copulasse
757 420 849 459 bina
890 423 1045 459 tantum
1076 420 1324 471 stropharum
1355 419 1475 470 paria.
1538 419 1643 470 quod
1682 431 1769 459 raro
1812 419 1944 458 evenit

222 486 328 544 apud
349 496 504 544 poetam
535 496 631 532 natu
662 492 843 543 priorem,
875 491 990 543 quasi
1021 491 1108 542 lege
1127 491 1399 530 confirmatum
1421 490 1577 530 videtur
1599 503 1623 529 a
1647 490 1944 541 posteri01ibus,

223 564 329 616 apud
360 576 459 616 quos
489 563 580 603 inde
611 563 660 603 ab
690 562 824 602 Aiacis
854 563 1099 614 temporibus
1129 562 1240 602 nulla
1270 562 1512 613 frequentior
1544 561 1596 600 sit
1626 561 1753 600 forma
1772 561 1946 601 carmine

225 635 421 688 bipertito.
494 637 613 686 atque
656 634 761 674 sicut
803 634 1031 684 Aeschylus
1075 634 1292 674 clausulam
1336 633 1490 672 addidit
1530 633 1730 672 interdum
1774 633 1944 684 epodum

223 706 387 747 carmini
428 706 562 755 trium,
604 705 661 745 ita
691 705 907 758 Sophocles
951 710 1070 757 atque
1100 705 1311 757 Euripides
1358 704 1522 744 carmini
1566 704 1732 743 duorum
1776 705 1943 755 parium.

221 778 299 818 hac
326 789 421 818 vero
450 777 652 816 minuendi
692 778 755 817 via
785 777 942 828 longius
973 778 1174 828 progressi
1204 777 1456 816 indulserunt
1487 776 1562 815 sibi
1594 779 1635 815 et
1667 776 1945 827 monostropha

221 851 264 889 et
303 848 454 889 triades
498 849 699 899 simplices
740 849 827 889 loco
871 848 1023 888 stasimi
1067 860 1222 901 ponere,
1275 860 1374 900 quae
1427 859 1642 898 numquam
1696 847 1945 899 repperimus

221 920 328 972 apud
357 920 482 960 illum.

365 995 408 1032 at
435 992 478 1031 in
510 992 741 1032 universum
772 992 823 1032 de
854 992 918 1031 his
957 992 1132 1032 numeris
1164 992 1369 1043 disputare
1400 991 1456 1030 nil
1487 991 1641 1040 attinet,
1685 991 1734 1030 ad
1767 991 1946 1041 singulas

221 1063 318 1104 artis
349 1063 584 1104 dramaticae
615 1067 765 1103 aetates
797 1064 978 1103 conversi
1016 1076 1115 1116 quas
1158 1064 1236 1103 iam
1267 1063 1423 1115 pridem
1456 1063 1693 1102 definierunt
1723 1062 1795 1101 viri
1828 1063 1945 1115 docti,

223 1147 321 1175 num
353 1139 480 1175 certas
512 1136 630 1175 certis
660 1136 906 1187 temporibus
936 1136 1096 1187 regulas
1137 1136 1378 1175 constituere
1417 1135 1632 1187 possimus,
1673 1134 1944 1186 quaerendum

223 1210 296 1247 est.
335 1210 456 1259 atque
486 1207 723 1259 Euripideae
753 1207 850 1247 artis
881 1208 1118 1247 constitutae
1143 1210 1236 1247 sunt
1256 1210 1404 1247 aetates
1423 1207 1498 1246 hae
1517 1206 1623 1258 (Wil.
1642 1206 1735 1246 Her.
1757 1206 1798 1245 Ι2
1823 1206 1942 1257 143);

365 1279 387 1318 I
417 1279 589 1319 Alcestis
621 1278 738 1332 (438)
770 1280 956 1319 Androm.
991 1280 1093 1319 Med.
1128 1278 1247 1331 (431)
1280 1279 1400 1330 Hipp.
1434 1275 1555 1332 (428)
1587 1278 1678 1318 Her.
1712 1278 1806 1318 Hec.

365 1350 407 1390 11
439 1350 577 1402 Suppl.
599 1351 716 1403 (421)
736 1351 851 1391 Herc.
871 1351 1008 1391 Troad.
1030 1351 1148 1404 (415)
1162 1351 1249 1403 Iph.
1264 1350 1307 1390 Τ.
1322 1348 1470 1404 (4149)
1493 1350 1552 1390 ΕΙ.
1567 1349 1685 1402 (413)
1708 1349 1795 1389 Η61.
1815 1349 1945 1398 (412).

365 1422 430 1462 ΙΠ
461 1423 665 1463 Ρ110611188.
698 1420 962 1478 (Hypsipyla)
994 1422 1121 1463 Orest.
1155 1422 1276 1475 (408)
1307 1423 1452 1462 Bacch.
1483 1423 1569 1473 Iph.
1603 1424 1647 1462 A.
1681 1419 1814 1475 (406).

221 1493 360 1534 Ionem
389 1494 502 1534 cuius
533 1495 583 1534 de
612 1499 741 1536 aetate
770 1496 949 1546 litigatur
978 1496 1045 1535 hic
1074 1495 1280 1535 omisimus
1291 1495 1333 1544 1).
1365 1518 1423 1523 -

366 1566 484 1606 certis
514 1566 578 1606 his
609 1567 747 1618 spatiis
780 1567 883 1620 (440
903 1591 962 1595 -
987 1580 1019 1607 6.
1052 1568 1154 1616 428)
1188 1564 1459 1620 (428-412)
1491 1566 1760 1617 (411—406)
1796 1565 1945 1616 Sopho-

212 1636 295 1685 ‚clis
325 1638 540 1689 tragoediae
570 1639 644 1678 hoc
675 1640 791 1679 modo
823 1640 918 1690 quin
949 1639 1213 1690 iniungendae
1245 1640 1336 1691 sint,
1367 1650 1482 1678 nemo
1514 1642 1575 1677 est
1605 1638 1672 1690 qui
1705 1637 1876 1677 dubitet:

365 1709 387 1749 1
415 1710 534 1761 Antg.
565 1711 669 1750 Aiax
701 1709 858 1764 (eodem
898 1712 980 1751 fere
1011 1717 1187 1762 tempore
1226 1714 1337 1750 actae
1366 1714 1487 1762 atque
1518 1709 1689 1749 Alcestis
1720 1710 1768 1749 cf.
1800 1722 1838 1760 p.
1872 1709 1944 1759 52)

509 1780 554 1822 Ο.
579 1781 626 1822 R.
658 1783 706 1833 (c.
737 1783 824 1823 430
838 1779 917 1837 ‘?)²)

365 1852 408 1892 II
438 1852 575 1893 Trach.
620 1856 725 1905 (post
754 1854 872 1894 Herc.
904 1855 953 1894 cf.
984 1853 1080 1894 Wil.
1112 1854 1204 1894 Her.
1242 1854 1284 1893 12
1319 1852 1422 1906 153)
1467 1853 1526 1892 ΕΙ.
1560 1851 1655 1905 (11611
1693 1852 1818 1892 multo
1855 1855 1946 1892 ante

509 1927 596 1965 413
630 1926 679 1965 cf.
712 1926 863 1966 Kaibeli
895 1926 1037 1966 Electr.
1072 1926 1143 1976 63)

366 1995 430 2035 ΠΙ
460 1995 564 2037 Ο.Ο.
596 1997 696 2037 Phil.
729 1997 862 2050 (409).

222 2078 316 2107 cum
346 2067 408 2107 his
439 2068 537 2108 artis
567 2069 760 2108 aetatibus
792 2070 1043 2120 stropharum
1075 2069 1249 2109 numeris
1281 2068 1432 2108 collatis
1464 2068 1690 2107 efficiuntur
1720 2067 1837 2107 haec:

251 2194 254 2197 Ι
365 2139 388 2179 Ι
416 2139 519 2180 intra
536 2152 659 2180 annos
683 2154 716 2180 6.
736 2142 973 2181 440-428
991 2141 1125 2192 (Antg.
1138 2141 1251 2180 Aiax.
1273 2138 1543 2192 Alc.—Hipp.)
1565 2139 1771 2179 stasimum
1792 2139 1946 2178 duobus

222 2210 308 2251 fere
347 2214 502 2251 constat
543 2212 722 2263 paribus3
762 2225 851 2252 rara
891 2217 984 2252 sunt
1014 2213 1172 2262 maiora,
1212 2225 1301 2252 rara
1340 2212 1458 2251 etiam
1490 2211 1656 2251 minora:
1697 2211 1796 2250 ratio
1826 2211 1946 2249 inter—

223 2281 367 2322 cedens
402 2282 508 2322 inter
543 2283 641 2323 haec
670 2287 789 2335 atque
820 2297 866 2324 ea
897 2296 996 2336 quae
1027 2284 1213 2324 maiorem
1245 2284 1487 2322 minoremve
1518 2283 1705 2322 exhibent
1735 2294 1945 2322 numerum

224 2365 342 2406 quam
375 2355 413 2402 2,
446 2358 507 2394 est
537 2355 579 2394 in
610 2355 839 2407 Sophocleis
872 2357 929 2396 2:
955 2359 990 2409 1,
1021 2356 1062 2395 in
1093 2355 1186 2395 Eur.
1220 2356 1317 2405 2,25
1342 2368 1351 2394 :
1376 2357 1411 2395 1.

302 2425 440 2478 Soph.
576 2428 628 2467 10
662 2428 766 2467 chor.
798 2440 881 2479 par.
914 2428 938 2467 2
1082 2423 1086 2518 1
1224 2427 1328 2466 Eur.
1509 2427 1561 2465 18
1595 2426 1701 2465 chor.
1732 2438 1814 2477 par.
1849 2426 1873 2463 2

224 2497 510 2549 Antg.—0.R.
604 2501 628 2538 3
705 2522 720 2528 -
836 2522 851 2529 —
917 2501 938 2538 1
1157 2498 1398 2539 Alc—Hec.
1539 2499 1562 2537 2
1640 2520 1656 2527 ·
1768 2519 1785 2526 —
1851 2499 1870 2536 1

607 2573 628 2610 1
705 2594 721 2600 -
835 2594 850 2600 -
917 2567 1008 2625 11s2
1538 2572 1562 2609 3
1640 2592 1656 2599 -
1770 2592 1786 2597 -
1851 2565 1942 2622 11s2

607 2645 628 2682 1
706 2666 723 2672 -
837 2665 854 2672 -
916 2645 940 2682 3
1539 2643 1563 2680 3
1640 2663 1656 2670 -
1769 2662 1787 2669 -
1850 2641 1874 2679 2
1891 2639 1942 2694 ιχ.

370 2733 399 2779 ¹)
423 2734 598 2771 Helenam
629 2745 719 2781 quae
750 2736 829 2780 post
859 2733 1079 2780 Iphigeniam
1103 2736 1182 2771 acta
1207 2735 1262 2770 est
1286 2735 1347 2780 (cf.
1373 2733 1507 2769 Brnhn.
1535 2733 1609 2778 Iph.
1635 2732 1672 2768 Τ.
1696 2743 1730 2777 p.
1753 2732 1812 2777 13)
1843 2731 1946 2767 alteri

225 2791 334 2830 malui
359 2793 515 2830 tribuere
540 2795 646 2831 aetati
671 2794 729 2831 cui
754 2794 833 2841 Iph.
859 2794 1091 2830 adscribenda
1116 2794 1194 2830 erat
1219 2796 1301 2830 ante
1321 2793 1374 2829 ΕΙ.
1394 2795 1475 2829 acta
1499 2793 1650 2834 (Bruhn.
1668 2792 1781 2837 ibid).
1819 2802 1946 2827 verum

224 2854 376 2900 utraque
401 2852 437 2888 111
461 2853 584 2890 fabula
608 2853 678 2890 iam
703 2856 885 2891 extremae
908 2853 1004 2890 vitae
1029 2864 1114 2890 81166
1139 2856 1253 2890 artem
1277 2852 1436 2889 adhibuit
1461 2851 1658 2898 Euripides.

372 2913 399 2960 ²)
425 2912 466 2950 0.
479 2913 522 2950 R.
557 2913 661 2959 paulo
695 2916 775 2960 post
809 2914 878 2950 457
915 2914 1030 2950 actam
1069 2923 1147 2949 6886
1186 2914 1305 2949 nescio
1343 2924 1390 2949 an
1427 2923 1532 2948 nemo
1569 2912 1741 2948 concedat
1774 2910 1944 2948 Bruhnio.

226 2972 339 3019 quid?
389 2972 482 3009 inter
506 2972 680 3010 Orestiam
708 2975 814 3019 atque
840 2973 881 3010 O.
895 2973 937 3009 R.
963 2984 1075 3009 unum
1100 2973 1232 3009 duosve
1258 2974 1359 3018 putat
1383 2972 1555 3008 interesse
1581 2972 1718 3008 annos?
