2210 3340
42 1923 51 1946 f„

982 231 1275 273 -55„-

274 357 368 385 vero
385 347 528 388 chorus
557 348 608 387 ad
638 349 788 399 regiam
819 361 1032 389 conversus
1062 350 1238 400 reginam
1269 352 1478 402 compellat
1509 354 1622 404 quasi
1642 354 1747 394 adsit
1771 355 1812 394 in
1837 367 1997 406 scaena‚.

274 416 317 456 id
358 418 489 470 ipsum
533 431 689 471 quoque
731 420 967 471 tragicorum
1005 425 1067 460 est
1108 422 1320 462 artificium
1363 435 1436 473 per
1478 424 1577 463 fines
1619 426 1820 475 pertinens
1863 427 1989 467 multo

274 488 443 530 latiores.
483 502 569 530 eam
605 491 709 530 enim
753 491 827 531 sibi
868 496 1159 543 proposuerunt
1198 493 1327 543 legem
1369 498 1413 533 ut
1451 507 1476 534 a
1517 495 1672 535 chorico
1703 498 1989 548 transgressuri

273 559 325 600 ad
354 560 554 612 dialogum
590 562 786 602 choricum
819 563 1041 614 cingentem
1072 564 1277 604 choreutas
1307 565 1415 616 ipsos
1446 567 1728 617 compellantes
1757 569 1989 610 inducerent

273 632 494 672 fabularum
511 645 699 684 personas
718 633 802 673 sive
821 639 1151 675 commorarentur
1180 637 1222 675 in
1252 649 1393 676 scaena
1424 637 1507 677 sive
1537 650 1615 677 non
1645 644 1987 681 commorarentur.

273 716 352 761 qua
370 703 420 744 de
437 703 527 755 lege
545 716 636 744 cum
655 705 732 744 alio
761 706 846 745 loco
877 707 1112 758 explicatius
1130 720 1246 758 agere
1264 708 1307 748 in
1327 709 1456 748 animo
1475 709 1537 759 sit,
1562 710 1636 749 hoc
1661 710 1745 750 loco
1766 712 1988 762 argumenti

272 774 397 815 instar
431 775 510 815 duo
545 776 746 816 afferimus
777 779 968 829 exempla.
1031 780 1163 818 Aiacis
1192 780 1328 832 parodi
1359 784 1590 832 anapaestos
1620 794 1644 821 a
1674 783 1894 834 coryphaeo
1923 795 1986 823 re-

272 845 411 887 citatos
432 847 599 887 contulit
618 848 695 887 iam
716 848 960 889 Wecklinius
975 851 1014 901 (l.
1026 850 1086 903 1.):
1121 852 1330 903 compellat
1349 853 1509 892 Aiacem
1528 866 1647 904 quem
1677 866 1755 906 non
1787 855 1987 906 conspicit,

270 917 440 957 affirmat
480 930 525 958 se
565 919 601 958 ei
641 932 731 960 esse
770 921 940 972 fidelem,
981 927 1114 962 narrat
1153 935 1253 975 quae
1291 924 1331 962 in
1363 924 1505 963 castris
1534 925 1638 964 facta
1668 930 1772 979 sunt,
1803 931 1913 977 rogat
1942 930 1988 966 ut

271 988 412 1028 timore
442 1001 486 1029 se
515 990 654 1031 liberet
684 992 788 1043 (134
820 1006 856 1044 q.
880 991 941 1047 s.).
1002 994 1209 1046 Hippolyti
1238 999 1371 1035 autem
1410 996 1581 1046 parodus
1623 997 1756 1036 nescio
1786 1010 1836 1036 an
1868 998 1986 1037 etiam

270 1060 398 1112 aptior
428 1061 481 1101 sit
500 1061 559 1101 ¹ad
591 1065 910 1114 comparandum.
947 1065 1115 1105 feminae
1148 1065 1356 1106 Trozeniae
1387 1071 1596 1119 postquam
1632 1072 1860 1108 enarrarunt
1892 1065 1986 1122 (aoc')

271 1133 559 1183 spectatoribus
589 1134 807 1175 Phaedram
848 1136 1045 1176 dominam
1086 1149 1130 1177 se
1170 1138 1329 1178 audisse
1369 1144 1568 1189 aegrotam
1607 1140 1737 1190 (sicuti
1775 1152 1891 1180 senes
1928 1141 1987 1179 illi

195 1231 200 1236 .
269 1215 396 1254 pauca
426 1209 630 1256 exponunt
660 1207 711 1246 de
741 1207 986 1247 dominorum
1019 1210 1181 1260 suisque
1210 1210 1387 1261 ipsorum
1417 1211 1548 1260 rebus)
1582 1212 1709 1251 subito
1742 1212 1926 1262 strophae
1957 1214 1986 1260 β

270 1275 431 1315 exordio
461 1288 514 1316 ex
543 1277 721 1317 Phaedra
752 1283 943 1330 quaerunt

802 1343 826 1401 ἦ
862 1347 913 1390 σύ
946 1348 984 1402 γ’
1008 1351 1157 1400 ἔνθεος
1188 1345 1222 1392 ὦ
1255 1349 1392 1405 κούρα

800 1419 871 1462 εἴτ’
892 1422 936 1463 ἐκ
968 1421 1111 1472 Πανὸς
1143 1421 1222 1464 εἴθ’
1240 1421 1432 1473 Ἑκάτας.
1451 1457 1459 1465 .
1478 1457 1486 1465 .

270 1503 440 1542 quacum
499 1492 776 1544 colloquuntur
826 1508 898 1547 per
950 1497 1130 1548 strophas
1184 1493 1250 1546 ββ’
1306 1509 1542 1549 quamquam
1594 1497 1662 1536 illa
1712 1509 1852 1537 scaena
1905 1511 1984 1538 non

269 1563 482 1613 egreditur.
542 1568 659 1616 atque
690 1578 858 1617 quonam
897 1569 1037 1608 affecta
1076 1569 1128 1608 sit
1165 1569 1299 1608 morbo
1329 1569 1387 1608 uti
1417 1569 1679 1619 interrogatur
1709 1569 1898 1619 Phaedra,
1929 1570 1986 1609 ita

270 1639 556 1692 Clytaemestra
595 1654 666 1680 cur
703 1653 814 1681 sacra
844 1642 928 1681 fieri
959 1641 1147 1692 voluerit3
1180 1644 1346 1692 utraque
1377 1645 1510 1680 autem
1538 1641 1581 1679 in
1612 1642 1840 1692 quaestione
1871 1642 1985 1693 quasi

267 1715 422 1755 inclusa
452 1717 514 1754 est
543 1726 661 1754 causa
697 1726 767 1753 cur
810 1714 952 1753 chorus
983 1714 1187 1763 ingressus
1218 1713 1270 1752 sit
1301 1714 1540 1752 orchestram
1553 1711 1597 1767 1).
1637 1713 1759 1769 igitur
1801 1714 1904 1753 sicut
1942 1714 1983 1752 in

268 1786 485 1838 Hippolyto
521 1785 575 1826 ita
604 1786 646 1825 in
677 1787 750 1836 Ag.
781 1790 872 1837 post
903 1785 1042 1831 ultima
1071 1785 1232 1824 demum
1262 1785 1373 1824 chori
1403 1785 1522 1824 verba
1552 1785 1727 1835 aperitur
1755 1785 1874 1835 regia.
1906 1797 1984 1836 quo

268 1870 337 1898 ero
364 1861 544 1910 tempore
572 1858 780 1911 aperiatur,
811 1858 851 1896 in
882 1859 956 1908 Ag.
989 1857 1200 1907 significari
1232 1857 1332 1896 duco
1363 1857 1492 1895 verbis
1523 1857 1631 1896 chori
1662 1855 1781 1909 (255)

585 1930 756 1970 πέλοιτο
790 1926 825 1968 δ’
850 1922 931 1969 οὖν
961 1926 1062 1969 τάπὶ
1095 1925 1310 1968 τούτοισιν
1341 1921 1385 1968 εὖ
1418 1930 1583 1980 πρᾶξις,
1618 1924 1679 1976 (ὃς

584 2002 697 2042 θέλει
730 1998 831 2041 τόδ’
866 1996 1066 2051 ἄγχιστον
1099 1996 1231 2048 Ἀπίας

585 2076 707 2125 γαίας
737 2069 1041 2126 μονόφρουρον
1073 2071 1206 2124 ἕρκος.

265 2148 351 2186 tum
383 2146 553 2186 salutem
582 2147 678 2186 dicit
708 2147 957 2197 coryphaeus

615 2213 704 2271 ἥκω
740 2220 917 2268 σεβίζων
949 2213 1037 2267 σόν,
1072 2213 1411 2267 Κλυταιμήστρα,
1445 2213 1611 2267 κράτος.

264 2289 404 2342 incipit
432 2290 621 2342 dialogus,

409 2497 459 2538 de
489 2497 548 2537 eis
585 2498 654 2550 qui
690 2499 842 2537 restant
883 2495 1118 2548 parodorum
1161 2493 1336 2546 prologis
1379 2492 1515 2543 paucis
1557 2494 1690 2543 potest
1730 2490 1805 2540 agi.
1849 2488 1981 2529 Aiacis

266 2569 422 2610 chorico
452 2573 638 2610 canentes
669 2559 836 2621 exsequi
867 2569 1073 2608 choreutas
1105 2578 1205 2619 quae
1236 2578 1308 2618 per
1337 2567 1571 2616 anapaestos
1596 2564 1845 2616 enarraverat
1869 2573 1980 2611 cory-

264 2641 417 2692 phaeus
446 2641 700 2682 manifestum
731 2644 809 2681 est:
841 2640 943 2682 duae
972 2639 1156 2690 inquiunt
1186 2641 1278 2678 sunt
1307 2637 1479 2677 rationes
1509 2635 1652 2687 quibus
1672 2635 1770 2674 haec
1789 2632 1980 2685 principis

408 2734 437 2779 ²)
462 2733 554 2780 quod
578 2743 662 2769 vero
688 2732 754 2768 etsi
780 2732 877 2767 initio
902 2732 1044 2767 demum
1069 2729 1212 2766 fabulae
1238 2728 1406 2764 certiores
1431 2728 1527 2763 fiunt
1545 2725 1667 2771 Argivi
1684 2725 1818 2761 Troiam
1838 2724 1975 2790 captam

264 2804 354 2837 esse,
379 2792 483 2840 paulo
507 2794 589 2839 post
612 2792 711 2828 urbis
735 2790 871 2827 incolae
896 2790 1068 2827 accedunt
1091 2789 1162 2826 iam
1187 2799 1354 2825 accensos
1379 2787 1603 2824 affirmantes
1627 2795 1769 2822 ararum
1794 2784 1906 2830 ignes,
1940 2793 1979 2817 m

262 2853 331 2890 hoo
367 2853 513 2889 minimfl
551 2853 607 2888 est
644 2861 709 2888 cur
746 2851 981 2887 offendamus.
1018 2850 1150 2886 iterum
1187 2849 1406 2884 conferimus
1443 2846 1612 2893 parodum
1651 2843 1778 2880 Aiacis.
1815 2843 1980 2879 Minerva

262 2912 408 2950 Ulixem
446 2912 657 2949 denuntiare
686 2911 784 2948 iubet
815 2910 959 2947 Graecis
983 2909 1102 2946 Aiacis
1132 2908 1315 2944 insaniam.
1354 2906 1430 2943 exit
1466 2905 1604 2951 Ulixes,
1641 2904 1762 2941 statim
1799 2901 1978 2940 Salaminii

262 2974 455 3011 aecurrunt
478 2973 613 3009 factum
637 2971 673 3007 id
698 2972 865 3007 canentes
890 2969 983 3016 quod
1008 2969 1110 3004 modo
1135 2968 1297 3004 facturus
1322 2969 1399 3003 erat
1423 2965 1491 3002 ille.

1690 3013 1712 3047 5
