2210 3340
982 229 1272 269 -24-

282 358 459 385 scaenam
498 346 628 395 agitur
666 346 769 397 quod
808 347 857 385 ad
887 347 1077 386 actionem
1113 349 1388 397 gravissimum
1419 352 1497 399 est;
1536 361 1704 400 namque
1734 349 1828 389 Hec.
1864 351 1979 391 1023

281 418 420 455 chorus
457 416 657 455 dochmios
700 418 827 468 habet,
870 418 962 456 dum
996 418 1241 468 Polymestor
1282 420 1489 459 tentorium
1533 419 1727 459 Troadum
1773 420 1981 470 ingressus

199 481 204 486 ’
281 488 508 526 obcaecatur
542 489 590 527 ab
622 489 791 538 Hecuba,
829 489 944 529 Herc.
979 491 1062 529 875
1101 490 1193 528 dum
1226 490 1413 529 Hercules
1445 495 1574 530 mente
1603 491 1779 542 privatus
1809 491 1982 530 trucidat

280 557 479 607 Megaram
508 559 702 610 filiosque,
735 559 797 598 Or.
833 562 942 599 1353
982 561 1077 599 (111111
1107 561 1318 600 Hermiona
1348 562 1395 600 ab
1425 561 1580 600 Electra
1610 562 1651 599 in
1682 562 1827 611 regiam
1856 562 1980 601 intro-

280 628 394 667 ducta
426 630 576 680 capitur
605 631 653 668 ab
684 629 819 669 Oreste
851 634 890 669 et
921 631 1079 680 Pylade.

421 723 570 762 accedit
601 736 691 763 vero
722 724 826 774 quod
857 724 1029 775 quinque
1060 725 1156 763 locis
1187 726 1414 775 astrophum
1446 726 1591 776 excipit
1623 727 1683 765 vel
1715 726 1893 766 monodia
1915 727 1977 766 vel

280 805 472 832 commus:
514 794 609 833 Hec.
653 795 763 834 1059
805 795 984 833 monodia
1017 795 1307 845 Polymestoris,
1338 795 1400 835 Or.
1436 794 1547 835 1369
1589 797 1766 836 monodia
1796 797 1979 847 Phrygis,

280 876 357 914 qua
386 864 720 914 dithyramborum
752 877 1031 916 nomorumque
1060 870 1163 905 artes
1195 867 1390 916 expressit
1414 866 1623 917 Euripides
1659 867 1722 919 (cf.
1743 867 1830 907 Wil.
1850 867 1977 907 Timo-

278 935 391 974 theos
434 948 471 986 p.
519 937 600 975 100
634 948 670 986 q.
709 935 772 986 s.);
817 935 929 975 Herc.
963 938 1059 976 875.
1108 937 1217 976 1016
1263 937 1400 976 Bacch.
1447 939 1557 976 1153
1602 950 1787 977 commus.
1846 938 1980 990 itaque

278 1006 478 1045 choricum
509 1007 619 1057 quasi
650 1007 880 1057 prooemium
903 1012 963 1046 est
984 1007 1140 1046 maioris
1165 1011 1302 1046 cantus
1321 1020 1397 1058 quo
1417 1011 1571 1058 praeter
1589 1009 1749 1047 chorum
1767 1009 1979 1048 histriones

278 1078 527 1127 participavit
563 1082 687 1128 poeta.
760 1078 958 1116 monodias
1007 1090 1098 1117 vero
1148 1091 1396 1129 commosque
1439 1079 1718 1129 posterioribus
1765 1080 1981 1130 tragoediae

279 1148 472 1187 aetatibus
515 1149 686 1187 stasimis
729 1149 950 1199 suppositos
991 1161 1078 1187 esse
1116 1150 1218 1187 inter
1254 1161 1388 1189 omnes
1425 1154 1576 1189 constat
1606 1151 1669 1202 (cf.
1700 1163 1732 1189 e.
1751 1163 1789 1200 g.
1820 1150 1976 1190 Detsch.

280 1231 317 1268 p.
352 1218 474 1270 60).1)
535 1219 719 1269 astropha
748 1219 869 1268 igitur
899 1220 1058 1258 stasima
1088 1223 1202 1270 poeta
1237 1221 1489 1271 componebat
1519 1233 1607 1259 cum
1637 1221 1796 1259 minima
1825 1221 1980 1260 chorica

278 1293 345 1328 aut
387 1290 682 1340 requirebantur
729 1290 815 1340 ipsa
846 1290 996 1329 actione
1026 1295 1094 1329 aut
1136 1295 1242 1329 certe
1283 1294 1374 1341 apta
1417 1289 1683 1340 videbantur,‘
1706 1292 1796 1342 quia
1839 1304 1981 1342 magna

278 1361 439 1399 alterius
469 1361 623 1410 generis
655 1362 991 1411 subsequebantur
1021 1361 1200 1400 carmina.

421 1459 460 1493 at
497 1467 592 1493 num
630 1456 737 1494 solus
779 1455 986 1506 Euripides
1027 1467 1148 1494 ausus
1185 1459 1245 1494 est
1276 1456 1522 1507 compingere
1565 1457 1724 1495 stasima
1763 1455 1976 1508 astropha?

278 1526 408 1575 immo,
450 1526 590 1565 ducem
631 1526 765 1565 habuit
795 1526 1034 1575 Aeschylum
1075 1531 1120 1565 ut
1158 1527 1225 1576 qui
1264 1527 1389 1565 tribus
1420 1525 1595 1566 Orestiae
1634 1528 1731 1566 locis
1761 1531 1806 1566 ut
1834 1539 1980 1578 pausas

278 1596 458 1646 expleret
488 1598 536 1635 ob
568 1598 740 1648 speciem
772 1598 828 1636 rei
859 1598 984 1636 130130
1015 1598 1265 1649 necessarias,
1297 1578 1475 1637 minimas
1507 1598 1663 1649 quidem
1694 1599 1728 1637 si
1751 1599 1800 1637 ad
1821 1602 1979 1650 tempus

281 1671 448 1718 spectas,
488 1680 566 1706 11011
606 1668 776 1707 8138111118
816 1680 913 1707 118118
954 1669 1005 1707 sit
1044 1669 1113 1707 sed
1155 1669 1410 1719 anapaesticis
1452 1669 1531 1707 illis
1574 1670 1798 1719 systematis
1836 1682 1860 1708 a
1897 1673 1980 1709 toto
2035 1678 2038 1680 ’

278 1739 396 1777 011010
427 1739 599 1778 recitatis
631 1737 698 1792 (cf.
730 1752 767 1789 p.
803 1741 824 1778 7
860 1752 895 1790 q.
928 1739 986 1789 s.).

426 1824 460 1860 1.
511 1823 592 1870 Ag.
634 1822 746 1861 1330
785 1826 874 1872 post
909 1823 968 1860 ab.
1002 1822 1258 1871 Cassandrae,
1301 1825 1391 1861 ante
1433 1823 1521 1861 intr.
1572 1822 1888 1872 Clytaemestrae.
1930 1845 1976 1851 —-

280 1894 520 1941 Agamemno
551 1893 653 1930 domi
685 1897 855 1931 necatur.

424 1976 461 2014 2.
500 1975 700 2025 Choeph.
749 1976 843 2014 722.
905 1979 993 2026 post
1032 1976 1090 2014 ab.
1136 1975 1440 2025 Clytaemestrae
1481 1981 1521 2015 et
1557 1974 1718 2025 Orestis,
1744 1979 1848 2028 *ante
1886 1976 1974 2015 intr.

280 2045 453 2085 Cilissae.
487 2069 542 2074 —
574 2046 735 2085 nuntius
767 2047 814 2084 ab
847 2045 984 2085 Oreste
1014 2047 1156 2085 allatus
1185 2048 1234 2086 ad
1267 2059 1399 2086 servas
1431 2047 1616 2098 pervenit.

424 2130 461 2168 3.
494 2152 549 2157 -—
584 2130 666 2168 855
699 2134 788 2180 post
823 2131 882 2169 ab.
924 2130 1113 2179 Aegisthi,
1144 2134 1234 2169 31110
1264 2130 1353 2169 intr.
1386 2130 1500 2169 servi.
1538 2153 1595 2157 —
1631 2129 1841 2180 Aegisthus
1870 2128 1975 2168 domi

278 2203 448 2239 necatur.

421 2286 540 2333 atque
570 2283 676 2321 idem
706 2283 916 2322 artificium
948 2284 1051 2333 quod
1083 2288 1220 2334 quater
1249 2284 1493 2335 repperimus
1524 2284 1629 2334 apud
1658 2283 1883 2334 Euripidem
1915 2282 1976 2321 bis

279 2357 434 2392 exstare
464 2354 568 2404 apud
599 2354 838 2403 Aeschylum
861 2355 1012 2392 ,summi
1043 2355 1140 2394 duco
1172 2367 1257 2394 esse
1288 2355 1483 2394 momenti.
1543 2366 1711 2405 namque
1740 2354 1835 2392 dum
1865 2365 1974 2404 spec-

279 2427 424 2463 tatores
455 2424 613 2463 caedem
650 2425 736 2463 fieri
775 2426 949 2463 sentiunt
979 2429 1090 2464 extra
1121 2438 1311 2474 scaenam,
1343 2426 1547 2476 parvulum
1577 2429 1753 2481 cantatur
1784 2425 1847 2463 vel
1877 2424 1974 2463 reci·

278 2498 385 2533 tatur
428 2507 595 2547 carmen,
638 2496 927 2545 anapaesticum
971 2496 1011 2534 in
1055 2497 1304 2549 Aeschyleis,
1348 2497 1623 2535 dochmiaeum-
1656 2496 1696 2534 in
1738 2495 1973 2546 Euripideis,

278 2566 508 2616 astrophum
537 2567 578 2603 in
610 2567 812 2616 utriusque
843 2572 981 2616 poetae
1010 2568 1163 2606 fabulis.
1207 2571 1478 2606 successerunt
1506 2567 1625 2616 igitur
1654 2567 1695 2604 in
1725 2566 1853 2605 locum
1882 2577 1974 2604 ana-

422 2727 451 2771 1)
477 2729 633 2762 ceterum
660 2729 853 2763 notandum
878 2728 946 2763 hoc
980 2731 1104 2773 poetae
1139 2729 1289 2765 artificio
1324 2739 1401 2764 esse
1434 2729 1603 2764 effectum
1639 2730 1679 2764 ut
1711 2728 1863 2774 Orestes,
1896 2730 1976 2764 aeta

281 2786 360 2830 408,
387 2787 454 2821 duo
478 2787 615 2821 tantum
642 2787 806 2832 praebeat
830 2789 975 2823 stasima
1000 2789 1139 2833 proprie
1164 2788 1254 2823 dieta
1279 2789 1372 2832 (316.
1399 2788 1482 2833 807)
1506 2790 1543 2823 at
1567 2788 1768 2833 Euripidem
1793 2788 1973 2833 superavit

280 2845 484 2889 Sophocles:
523 2845 744 2889 Philoctetes,
779 2857 883 2891 quam
909 2847 977 2882 409
1003 2850 1115 2883 aetam
1141 2858 1218 2883 esse
1244 2847 1384 2893 scimus,
1409 2858 1521 2882 unum
1546 2847 1696 2882 exhibet.
1734 2847 1821 2883 adeo
1856 2845 1972 2881 immi-

279 2904 339 2937 nui
366 2906 526 2948 poterant
551 2907 667 2949 partes
693 2905 805 2941 chori!
