2210 3340
983 207 1273 249 -34-

423 324 501 362 iam
531 324 737 364 redeamus
766 325 815 363 ad
846 326 1098 375 Aeschylum.
1158 327 1282 366 tribus
1312 328 1392 366 illis
1422 328 1583 367 canticis
1609 328 1747 368 eodem
1776 328 1980 368 instructis

283 395 495 444 ephymnio
525 395 748 444 rhythmico
780 395 929 447 (Suppl.
952 397 1034 436 630
1069 399 1141 447 Ag.
1165 399 1247 437 367
1282 398 1397 438 Herc.
1420 399 1519 449 347)
1551 411 1687 438 nomos
1719 398 1908 450 quosdam
1936 399 1977 438 in

283 465 475 514 Apollinis
518 465 699 516 Delphici
737 467 927 517 religione
975 467 1141 507 usitatos
1183 472 1317 519 poetas
1355 469 1527 508 imitatos
1569 482 1657 509 esse
1700 470 1979 509 demonstravit

281 535 605 575 Wilamowitzius
637 537 764 587 (Herc.
785 538 811 576 1.
832 536 887 589 l.),
918 538 975 577 eis
1007 551 1212 578 numerum
1243 540 1361 578 trium
1391 540 1544 591 parium
1573 541 1662 591 lege
1693 541 1978 592 praescriptum

280 606 404 645 fuisse
445 607 634 646 conclusit
674 608 795 647 idem:
836 621 907 647 nos
945 609 1047 659 quod
1087 621 1164 648 non
1207 610 1331 648 solum
1375 611 1449 649 tria
1489 611 1556 651 illa
1597 613 1667 651 sed
1707 624 1979 663 quaecumque

281 677 503 727 ephymniis
543 678 680 728 tragici
717 679 956 718 adornavere
1001 680 1151 719 cantica
1195 682 1364 731 (praeter
1407 681 1577 732 Choeph.
1613 684 1694 722 935
1736 683 1786 722 de
1816 695 1893 734 quo
1924 684 1974 724 cs.

279 760 316 798 p.
351 748 422 797 36)
461 748 583 788 ternis
620 754 923 800 composuerunt
954 751 1125 801 strophis
1166 751 1291 790 unicis
1321 751 1384 790 vel
1415 753 1632 803 geminatis,
1671 754 1712 792 id
1753 766 1828 792 non
1867 753 1976 793 casui

279 818 535 858 attribuemus
556 832 646 858 cum
666 820 897 870 praesertim
914 833 1036 859 unum
1057 822 1239 872 quodque
1260 834 1415 861 carmen
1435 823 1498 862 vel
1517 824 1721 863 sententiis
1740 824 1803 863 vel
1823 824 1975 864 dicendi

279 901 423 938 genere
453 902 547 940 prae
579 902 620 929 se
651 891 753 930 ferat
791 891 1026 941 precationis
1058 892 1120 931 vel
1152 892 1308 931 omnino
1341 893 1599 932 sollemnioris
1631 898 1768 933 cantus
1798 896 1975 946 formam,

280 961 347 999 sed
379 961 476 999 mori
515 961 573 1000 illi
615 965 695 1000 tres
739 962 1003 1012 distinguendi
1046 966 1177 1013 partes
1219 964 1260 1001 in
1303 964 1443 1014 quovis
1486 964 1596 1003 cultu
1641 965 1799 1014 vigenti.
1859 978 1979 1016 porro

279 1043 436 1070 causam
467 1043 537 1071 cur
567 1027 764 1082 Aeschylo
795 1033 950 1071 omnino
993 1045 1150 1072 carmen
1193 1035 1310 1072 trium
1351 1034 1504 1085 parium
1552 1035 1732 1086 inprimis
1774 1036 1892 1075 suerit
1931 1036 1973 1075 in

278 1102 440 1151 deliciis,
489 1115 541 1141 ex
583 1103 772 1152 religione
815 1104 876 1142 vel
919 1105 1036 1143 etiam
1087 1117 1137 1143 ex
1180 1105 1455 1155 superstit-ione
1505 1106 1713 1156 petendam
1763 1118 1852 1145 esse
1894 1107 1975 1146 veri

279 1173 520 1212 simillimum
551 1177 620 1213 est.

419 1256 494 1294 fuit
524 1267 614 1294 cum
645 1257 710 1295 hic
741 1257 1004 1299 subsisterem.
1036 1280 1094 1285 —-—
1124 1261 1165 1297 at
1195 1262 1430 1309 quantopere
1459 1259 1590 1309 ipsum
1615 1271 1679 1298 me
1696 1264 1812 1310 putas
1842 1260 1975 1299 obstu-

276 1326 412 1376 puisse
442 1338 533 1365 cum
565 1327 669 1365 sensi
701 1327 808 1366 nullo
838 1328 919 1367 fere
949 1328 991 1366 in
1032 1329 1184 1368 chorico
1215 1330 1447 1382 Aeschyleo,
1486 1330 1593 1369 nullo
1629 1330 1668 1368 in
1709 1342 1858 1369 commo
1896 1342 1972 1371 non

276 1408 500 1448 comparere
530 1398 658 1436 acrius
688 1398 855 1437 intuenti
886 1411 1042 1438 carmen
1072 1400 1171 1439 illud
1191 1401 1438 1451 stropharum
1463 1401 1621 1451 paribus
1647 1403 1670 1440 3
1693 1402 1978 1452 compositum?

276 1467 381 1506 hunc
411 1479 617 1507 numerum
656 1481 820 1518 regnare
850 1470 1003 1509 videbis
1046 1483 1290 1522 quocumque
1330 1471 1502 1522 veneris;
1546 1472 1718 1522 reperies
1760 1484 1852 1511 eum
1890 1472 1976 1511 ubi-

276 1551 444 1589 cumque
475 1539 726 1590 quaesiveriS‚
757 1540 844 1591 ipse
874 1542 1074 1581 examines
1105 1555 1199 1580 num
1230 1554 1414 1592 egressus
1445 1542 1520 1581 sim
1550 1543 1769 1582 veritatem!

419 1622 668 1661 stasimorum
714 1623 849 1675 Suppl.
884 1626 967 1664 630
1006 1626 1079 1674 Ag.
1112 1627 1195 1664 367
1229 1625 1340 1663 Eum.
1374 1627 1455 1664 321
1503 1626 1673 1675 strophis
1711 1639 1736 1675 y
1776 1625 1978 1665 adiectum.

275 1704 364 1731 esse
402 1705 473 1744 par
517 1698 585 1732 aut
627 1697 751 1733 totum
795 1699 863 1733 aut
905 1695 1149 1734 dimidiatum
1194 1697 1375 1747 (epodum
1418 1698 1490 1746 Ag.
1523 1698 1622 1746 367)
1671 1697 1973 1747 ephymniorum

275 1775 420 1814 expers
450 1764 529 1802 iam
560 1765 793 1804 monuimus.
855 1766 961 1816 quod
992 1779 1083 1805 cum
1114 1779 1269 1817 semper
1300 1780 1322 1806 e
1351 1768 1489 1806 iambis
1526 1768 1784 1818 compositum
1822 1768 1874 1807 sit
1903 1772 1975 1807 aut·

273 1838 396 1873 totum
437 1839 505 1874 aut
542 1836 713 1875 maxima
755 1848 807 1875 ex
843 1841 954 1887 parte
985 1861 1043 1865 —
1075 1838 1158 1877 exit
1200 1838 1304 1877 enim
1348 1851 1464 1885 carm.
1494 1838 1608 1878 Eum.
1640 1839 1680 1877 in
1713 1835 1973 1882 5d-{·-claus.

273 1906 395 1945 troch.
434 1929 492 1934 -—
531 1919 600 1957 pro
639 1908 814 1946 clausula
855 1909 1034 1947 carminis
1074 1909 1192 1947 trium
1234 1909 1386 1959 parium
1428 1909 1561 1948 haberi
1602 1910 1773 1949 voluisse
1814 1915 1972 1961 poetam

274 1977 520 2016 manifestum
556 1981 616 2016 est
625 1976 669 2030 1).
731 1979 826 2017 haec
856 1979 975 2028 igitur
1006 1980 1252 2029 cognoscitur
1283 1984 1477 2019 structura

489 2074 514 2098 α
611 2096 793 2146 strophae
823 2096 1037 2135 instructae

609 2167 830 2216 ephymnjjs
1331 2133 1353 2172 ὁ
1383 2133 1555 2172 clausula
1585 2134 1757 2173 iambica.
1782 2187 1784 2191 V

486 2215 511 2250 Υ

272 2295 405 2334 eadem
437 2308 528 2334 vero
558 2296 750 2346 reperitur
779 2297 819 2335 in
851 2302 941 2336 stae.
973 2297 1085 2337 Eum.
1117 2299 1202 2337 490
1246 2299 1319 2348 Ag.
1348 2300 1428 2338 681
1457 2299 1655 2349 'siquidem
1686 2311 1756 2349 par
1786 2302 1969 2350 quartum

272 2367 445 2405 numeris
475 2367 529 2416 (et
561 2368 779 2417 sententiis)
811 2380 856 2406 eo
888 2372 1110 2419 separatum
1140 2372 1201 2408 est
1230 2382 1253 2407 a
1283 2369 1487 2420 prioribus,
1519 2370 1622 2420 quod
1654 2370 1779 2408 solum
1810 2381 1832 2408 e
1856 2370 1972 2420 puris

272 2527 349 2562 sein
374 2538 406 2572 p.
433 2527 455 2561 2
481 2526 532 2563 als
557 2527 614 2563 die
640 2528 874 2573 entwieklung
898 2530 961 2564 der
986 2519 1195 2565 chorischen
1219 2530 1310 2575 lyrik
1344 2542 1408 2565 zur
1432 2531 1725 2577 dreigliedrigkeit
1750 2532 1786 2566 in
1811 2532 1969 2578 strophe,

272 2586 489 2631 antistrophe
513 2587 586 2621 und
611 2588 720 2631 epode
745 2588 952 2632 fortschrstt,
980 2599 1095 2624 waren
1122 2589 1221 2624 dabei
1239 2590 1493 2625 orchestrische
1512 2590 1735 2626 riicksichten
1759 2591 1872 2636 gewiss
1898 2602 1965 2627 von

271 2645 493 2690 geringerem
525 2646 660 2680 einfluss
686 2646 737 2681 als
762 2647 824 2682 das
850 2646 1044 2691 bediirfnis‚
1076 2648 1166 2682 auch
1192 2648 1271 2683 dem
1300 2648 1485 2685 cultuslied
1519 2651 1597 2685 eine
1624 2649 1734 2685 durch
1757 2650 1814 2686 die
1838 2649 1966 2694 heilige

272 2704 347 2739 drei
373 2704 601 2740 beherrschte
627 2706 718 2740 form
744 2717 788 2740 zu
812 2706 936 2751 geben.
987 2718 1020 2751 p.
1047 2708 1068 2742 3
1103 2707 1323 2752 Augustinus
1356 2709 1541 2743 ‘ternarius
1573 2720 1743 2744 numerus
1776 2709 1813 2744 in
1845 2709 1971 2745 multis

271 2764 500 2799 sacramentis
525 2764 678 2799 maxime
704 2764 867 2799 excellit’.

414 2834 441 2878 ¹)
466 2834 576 2869 lector
613 2835 721 2870 sentit
757 2834 1004 2871 Wilamowitzi
1040 2847 1097 2872 me
1134 2837 1186 2872 uti
1222 2838 1404 2873 sententiis
1438 2839 1556 2884 quales
1594 2839 1736 2884 protulit
1767 2850 1798 2875 e.
1816 2851 1848 2885 g.
1867 2839 1968 2875 Gom.

270 2894 373 2928 metr.
401 2894 437 2928 11
462 2894 517 2929 29.
1781 2901 1786 2907 ’
