2190 3334
966 255 1228 297 -6-

249 372 372 420 μέλος
401 371 540 424 χοροῦ
569 367 667 412 ἄνευ
701 370 964 413 ἀναπαίστου
995 388 1031 414 κ.
1067 388 1135 425 tp.
1170 387 1247 413 non
1278 375 1405 423 μέλος
1441 376 1579 426 χοροῦ
1613 371 1669 414 τὸ
1708 372 1808 415 ἄνευ
1847 372 1947 416 α’να-

250 446 430 483 παίστου
460 457 498 484 κ.
533 458 593 495 τρ.
628 467 682 473 —
714 448 755 484 at
784 457 854 495 pro
876 445 1115 494 Myrianthei
1146 458 1264 496 quam
1283 446 1369 497 ipse
1390 446 1653 485 Detscheffius
1684 446 1737 497 (p.
1761 443 1835 500 27)
1860 458 1947 497 pro-
1986 481 1989 484 ,

250 515 342 553 tulit
379 515 628 554 sententiam:
667 515 872 555 Stasimum
904 516 1119 555 secundum
1151 516 1309 567 quidem
1339 517 1590 556 Aristotelem
1630 529 1717 556 esse
1753 517 1947 557 canticum
2021 539 2022 542 =

252 586 360 624 chori
397 597 525 637 neque
562 586 806 637 egredientis
837 598 859 625 e
904 599 1044 626 scaena
1080 599 1207 638 neque
1244 587 1285 626 in
1317 599 1494 627 scaenam
1525 588 1754 627 introeuntis
1795 588 1864 627 sed
1906 588 1948 627 in

251 668 388 696 scaena
407 657 581 710 astantis,
613 670 701 697 cum
719 658 939 697 tetrametri
954 658 1138 697 trochaici
1157 670 1202 697 ac
1223 662 1436 708 systemata
1456 660 1698 710 anapaestica
1717 659 1768 698 ad
1787 671 1947 709 gressus

249 727 447 767 faciendos
476 729 640 768 recitata
670 732 814 781 essent,
845 741 924 768 non
948 729 1080 768 minus
1100 729 1200 768 duco
1219 741 1305 768 esse
1323 730 1474 769 falsam.
1535 730 1623 780 quis
1643 730 1746 769 enim
1766 730 1947 779 ostendit,

250 799 339 849 quis
368 802 497 850 potest
527 799 731 839 ostendere
750 800 910 838 chorum
931 800 1123 850 tragicum
1143 812 1220 839 non
1245 800 1431 840 recitasse
1449 803 1678 852 anapaestos
1696 801 1946 840 trochaeosve

252 870 328 908 nisi
359 870 566 909 facientem
596 872 782 920 gressus?
841 874 973 910 tamen
1003 871 1152 922 aliquid
1183 871 1265 910 veri
1295 871 1359 910 hic
1387 872 1510 911 latere
1540 875 1675 923 postea
1699 872 1946 923 comparebit.

390 941 442 981 II.
504 941 758 992 Westphalus
790 941 959 994 (Proleg.
992 954 1031 992 p.
1065 941 1134 993 60)
1176 942 1380 981 stasimum
1412 942 1611 981 choricum
1641 954 1729 982 esse
1757 942 1946 994 interpre-

249 1015 354 1051 tatus
385 1012 642 1062 prooemiis
673 1011 751 1063 (vel
782 1013 998 1052 interiectis
1019 1013 1118 1051 inter
1136 1015 1294 1051 cantum
1319 1013 1448 1064 ipsum
1467 1013 1661 1063 versibus)
1691 1014 1947 1064 anapaesticis

250 1083 327 1133 (vel
358 1082 581 1133 trochaicis)
613 1084 772 1122 stasimo
802 1084 1018 1134 oppositam
1050 1086 1184 1122 censet
1215 1095 1301 1123 esse
1330 1083 1530 1134 parotium⁷
1566 1096 1684 1134 quam
1723 1078 1840 1134 λέξιν
1868 1096 1946 1124 non

248 1150 375 1202 μέλος
405 1154 546 1205 χοροῦ
574 1166 735 1194 vocasse
763 1155 932 1194 affirmat
956 1154 1207 1193 Aristotelem
1250 1157 1294 1193 ut
1324 1154 1523 1193 choricum
1553 1154 1720 1204 lyricum
1753 1155 1947 1207 simulque

247 1227 447 1276 anapaesti
477 1225 674 1265 interdum
704 1225 858 1264 recitati
893 1238 916 1264 a
955 1226 1174 1276 coryphaeo
1205 1225 1267 1264 vel
1303 1228 1392 1264 ante
1428 1225 1625 1264 choricum
1656 1226 1721 1265 vel
1749 1229 1839 1277 post
1868 1226 1947 1266 sin-

247 1296 360 1346 gulas
391 1297 499 1335 chori
520 1297 698 1347 strophas
720 1297 784 1347 (cf.
803 1309 840 1347 p.
863 1298 918 1336 48
939 1309 976 1347 q.
999 1295 1048 1348 s.)
1081 1309 1157 1335 uno
1188 1296 1609 1347 comprehenderentur
1639 1297 1767 1335 verbo.
1827 1297 1947 1346 igitur

247 1368 471 1406 Aristotelis
501 1379 552 1406 ex
584 1368 778 1407 sententia
808 1368 998 1418 parodum
1028 1368 1262 1407 instructam
1299 1380 1385 1407 esse
1416 1379 1533 1418 posse
1562 1369 1793 1418 anapaestis,
1834 1367 1946 1407 stasi-

249 1450 357 1476 mum
375 1450 452 1477 non
469 1451 596 1489 posse.
657 1442 698 1478 at
729 1439 830 1477 duae
861 1442 953 1478 sunt
983 1451 1121 1478 causae
1152 1439 1293 1489 quibus
1325 1451 1375 1478 ne
1405 1439 1505 1477 hanc
1534 1439 1694 1489 quidem
1723 1439 1945 1478 Aristotelis

248 1509 373 1548 fuisse
404 1510 639 1549 sententiam
669 1510 816 1560 patefit.

395 1583 430 1619 1.
462 1584 614 1620 constat
633 1581 735 1620 inter
754 1592 888 1619 omnes
907 1593 984 1619 non
997 1592 1121 1631 pauca
1133 1583 1287 1619 exstare
1303 1580 1463 1619 stasima
1483 1578 1667 1629 Aeschyli
1689 1580 1838 1631 (Suppl.
1860 1581 1943 1620 630

249 1651 356 1690 Pers.
401 1653 498 1691 548.
544 1653 626 1691 633
672 1651 777 1702 Sept.
823 1653 906 1691 832
946 1653 1017 1701 Ag.
1051 1653 1134 1692 367
1178 1651 1290 1690 Eum.
1336 1653 1436 1700 321)
1474 1651 1614 1702 quibus
1656 1651 1792 1691 eodem
1831 1651 1946 1690 modo

249 1722 480 1773 proludatur
526 1735 598 1773 per
647 1726 878 1774 anapaestos
920 1726 1037 1773 atque
1079 1723 1248 1773 parodis.
1321 1722 1511 1772 neglectis
1553 1722 1672 1772 igitur
1713 1722 1946 1772 Aeschyleis

248 1794 463 1844 Sophoclea
493 1797 645 1833 tantum
675 1798 792 1845 atque
812 1794 1025 1844 Euripidea
1055 1794 1214 1833 stasima
1244 1793 1456 1844 respiceret
1475 1792 1707 1832 Aristoteles
1731 1805 1944 1844 numquam

248 1865 507 1916 anapaesticis
538 1865 710 1916 prologis
739 1865 941 1904 instructa.
1001 1868 1042 1903 at
1077 1877 1168 1904 cum
1203 1864 1340 1915 parodi
1378 1867 1602 1903 constantes
1639 1864 1793 1903 chorico
1833 1875 1944 1914 cory-

247 1937 441 1987 phaeique
479 1936 676 1986 prooemio
718 1940 808 1986 post
838 1935 1049 1975 Alcestidis
1091 1939 1268 1986 tempora
1310 1935 1425 1985 (438)
1467 1947 1544 1973 non
1574 1935 1665 1974 -iam
1706 1934 1944 1986 compositae

247 2008 311 2058 (cf.
330 2020 368 2058 p.
390 2009 443 2047 51
471 2020 508 2058 q.
529 2008 575 2059 8.)
607 2007 850 2056 Aeschyleae
879 2007 1126 2057 potissimum
1157 2006 1351 2045 vocandae
1379 2005 1596 2058 videantur,
1625 2005 1666 2044 id
1696 2006 1872 2045 eveniret
1901 2009 1945 2045 ut

247 2078 383 2129 parodi
425 2079 571 2117 formae
614 2078 799 2129 antiquae
838 2077 903 2117 vel
945 2077 1238 2128 antiquissimae
1280 2077 1470 2116 rationem
1510 2077 1670 2115 duceret
1699 2076 1944 2129 Aristoteles,

248 2150 398 2189 stasimi
430 2161 507 2188 non
537 2149 710 2198 duceret,
741 2149 859 2187 immo
892 2148 1087 2199 siquidem
1116 2149 1191 2187 hoc
1220 2160 1298 2186 uno
1329 2148 1485 2187 differre
1515 2147 1728 2186 affirmaret
1755 2147 1944 2197 paredum

247 2233 293 2260 ac
324 2220 528 2259 stasimum
561 2220 665 2271 quod
706 2220 781 2258 hoc
812 2222 918 2259 esset
962 2213 1059 2258 ἄνευ
1092 2214 1356 2258 ἀναπαίστου
1387 2232 1422 2258 κ.
1453 2232 1527 2269 το,
1569 2217 1637 2256 illa
1678 2229 1766 2256 esse
1806 2221 1944 2269 posset

247 2288 349 2340 μετὰ
383 2288 647 2331 ἀναπαίστου
679 2304 718 2331 κ.
752 2304 826 2342 τᾳ,
867 2290 979 2341 quasi
1010 2294 1168 2340 negaret
1208 2290 1379 2328 carmina
1396 2307 1399 2311 ·
1418 2289 1486 2328 illa
1525 2288 1746 2338 Aeschylea
1783 2289 1945 2328 stasima

247 2374 346 2402 esse.
377 2384 434 2390 -
464 2361 616 2401 accedit
645 2361 752 2412 quod
781 2361 916 2412 parodi
947 2361 1152 2400 trochaicis
1182 2360 1417 2400 tetrametris
1450 2359 1658 2410 coryphaei
1687 2359 1944 2410 amplificatae

247 2433 289 2472 in
319 2432 529 2483 tragoediis
560 2432 716 2471 omnino
747 2444 824 2471 non
856 2435 1024 2471 exstant.

391 2504 428 2542 2.
490 2503 707 2554 Westphali
739 2503 933 2542 sententia
955 2506 1127 2555 accepta,
1157 2502 1339 2553 quoniam
1360 2513 1453 2540 voce
1477 2465 1590 2550 λέξις
1608 2500 1818 2551 significari
1838 2501 1941 2540 vult:

247 2575 334 2614 fieri
370 2586 486 2625 posse
522 2577 567 2612 ut
602 2574 774 2625 parodus
815 2577 965 2612 constet
1003 2573 1182 2613 versibus
1222 2576 1263 2612 et
1301 2572 1503 2611 cantandis
1541 2574 1582 2611 et
1615 2571 1835 2624 recitandis,
1874 2583 1944 2611 cur

251 2646 455 2685 stasimum
487 2657 565 2684 non
594 2641 725 2693 μέλος
754 2644 902 2697 χοροῦ,
935 2645 1005 2684 sed
1034 2640 1163 2692 μέλος
1200 2642 1341 2695 χοροῦ
1366 2639 1423 2682 τὸ
1463 2637 1583 2682 ἄνευ
1624 2638 1942 2682 ἀναπαίστου

247 2717 328 2756 καὶ
361 2718 603 2767 τροχαίου
634 2715 830 2755 vocaverit
853 2715 1093 2767 Aristoteles,
1123 2726 1241 2754 causa
1258 2713 1419 2765 reperiri
1436 2713 1582 2764 nequit.
1641 2713 1704 2752 cui
1733 2712 1943 2753 dicendum

248 2792 332 2826 erat
361 2790 430 2825 aut
460 2782 649 2837 πάροὸος
679 2781 820 2836 λέξις
858 2786 1006 2837 χοροῦ,
1049 2780 1248 2833 στάσιμον
1285 2780 1435 2832 μέλος
1470 2782 1609 2834 χοροῦ
1641 2787 1709 2823 aut
1757 2779 1943 2835 πάροδος

247 2854 298 2896 τὸ
322 2857 496 2909 πρῶτον
525 2852 679 2905 μέλος
708 2856 856 2908 χοροῦ,
893 2854 1094 2905 στάσιμον
1124 2853 1278 2904 μέλος
1308 2856 1444 2906 χοροῦ
1473 2851 1522 2894 τὸ
1553 2849 1652 2894 ἄνευ
1678 2851 1941 2894 ἀναπαίστου

247 2930 316 2967 καὶ
347 2930 561 2978 τροχαίου.
