2210 3340
1031 227 1317 269 -72-

871 710 1075 760 Auctor
1114 709 1180 759 de
1218 709 1324 760 vita
1362 726 1471 761 sua.

469 875 595 914 Natus
639 887 727 914 sum
757 876 995 915 Waltharius
1039 876 1165 914 Kranz
1208 877 1248 915 in
1291 877 1418 916 viculo
1461 877 1740 916 Hannoverano
1783 878 1848 917 cui
1877 890 2022 930 ,nomen

328 949 405 1001 est
429 945 862 996 Georgsmarienhuette
892 959 925 986 a.
958 947 994 985 d.
1026 947 1095 985 IX.
1134 947 1218 986 Kal.
1251 948 1339 986 Dec.
1379 959 1479 986 anno
1533 949 1644 988 1884
1683 951 1791 999 patre
1829 949 2023 988 Friderico

327 1020 450 1056 matre
493 1017 737 1067 Margaretha
774 1029 796 1056 e
832 1021 947 1067 gente
987 1017 1112 1067 Pflug.
1142 1018 1237 1056 fidei
1275 1018 1453 1071 addictus
1491 1030 1577 1057 sum
1608 1019 1862 1068 evangelicae.
1922 1031 2023 1059 anno

331 1088 441 1127 1903
480 1083 715 1126 maturitatis
746 1088 1012 1127 testimonium
1043 1089 1083 1126 in
1114 1089 1318 1138 gymnasio
1350 1089 1639 1128 Bismarckiano
1671 1076 2023 1130 Wilmeredorfensi

327 1158 491 1209 adeptus
533 1171 603 1209 per
645 1159 721 1198 duo
765 1159 997 1198 semenstria
1038 1159 1310 1198 Universitatis
1353 1158 1542 1210 Georgiae
1585 1162 1795 1210 Augustae,
1837 1172 1909 1211 per
1950 1171 2023 1201 sex

326 1229 357 1267 F
357 1229 545 1268 ridericae
583 1228 797 1268 Guilelmae
833 1230 891 1267 fui
927 1230 1121 1268 alumnus.
1182 1230 1397 1269 docuerunt
1433 1243 1496 1269 me
1528 1230 1821 1281 Gottingenses:
1857 1231 2024 1271 Bousset

327 1298 519 1351 Dilthey†
549 1300 628 1339 Leo
659 1300 701 1339 C.
733 1299 939 1340 Neumann
970 1298 1091 1354 (nunc
1121 1300 1322 1352 Kiliensis)
1352 1301 1549 1341 Schwartz
1581 1301 1698 1352 (nunc
1735 1299 2021 1354 Friburgensis)

328 1371 621 1421 Wackernagel,
663 1371 952 1410 Berolinenses:
1001 1371 1048 1410 R.
1095 1372 1312 1411 Delbrueck
1363 1372 1472 1411 Diels
1521 1372 1671 1411 Kekule
1713 1372 1764 1411 de
1807 1371 2021 1412 Stradonitz

326 1442 370 1481 Ε.
403 1442 539 1492 Meyer
568 1441 726 1481 Norden
757 1441 956 1493 Paulsen†
998 1442 1146 1482 Boethe
1184 1443 1243 1481 W.
1277 1442 1443 1481 Schulze
1474 1443 1631 1493 Stumpf
1663 1442 1813 1482 Vahlen
1842 1442 2023 1482 Wentzel

327 1513 376 1552 de
407 1513 955 1552 Wilamowitz-Moellendorff
983 1513 1176 1552 Woelffin.

469 1643 648 1682 examine
678 1655 747 1694 pro
778 1643 962 1682 facultate
987 1643 1151 1682 docendi
1180 1655 1302 1682 mens.
1334 1643 1423 1682 Dec.
1454 1642 1546 1681 anni
1578 1643 1688 1682 1907
1722 1644 1901 1693 superato
1929 1641 2023 1682 inde

326 1727 350 1753 a
380 1714 465 1753 Kal.
500 1714 619 1764 April.
655 1714 766 1753 1908
800 1714 991 1764 stipendia
1029 1714 1194 1753 meritus
1225 1726 1312 1753 sum
1345 1713 1599 1764 Spandoviae,
1635 1713 1728 1752 inde
1757 1725 1781 1752 a
1811 1725 1902 1752 vere
1931 1712 2023 1752 anni

330 1785 442 1824 1909
474 1785 516 1822 iu
557 1785 760 1834 gymnasio
805 1784 1217 1834 Charlottenburgensi
1259 1785 1361 1835 quod
1391 1797 1414 1823 a
1444 1785 1682 1823 Mommseno
1724 1795 1864 1823 nomen
1902 1783 2023 1823 trahit

327 1856 504 1906 magistri
534 1867 696 1894 munere
726 1856 879 1905 fungor.

469 1997 590 2024 mens.
609 1985 695 2023 Iun.
716 1985 832 2024 huius
862 1985 955 2024 anni
979 1984 1152 2023 Iudicem
1183 1985 1389 2023 verborum
1421 1984 1559 2035 quibus
1590 1983 1808 2035 philosophi
1832 1983 1900 2034 qui
1930 1985 2021 2022 ante

331 2056 528 2095 Socratem
560 2059 672 2095 erant
702 2056 765 2094 usi
796 2059 898 2105 sunt,
937 2055 1042 2094 edidi
1071 2055 1178 2106 apud.
1207 2055 1486 2094 Weidmannos
1526 2054 1650 2107 (Diels
1686 2054 1916 2104 Fragmenta
1950 2052 2022 2092 der

331 2127 627 2166 Vorsokratiker
658 2126 698 2165 11
731 2127 786 2177 2).

469 2268 631 2295 examen
663 2256 928 2306 philosophiae
959 2255 1134 2294 habitum
1165 2259 1225 2294 est
1254 2251 1286 2294 aL
1319 2255 1354 2295 d.
1387 2254 1433 2293 V.
1466 2254 1549 2293 Kal.
1581 2255 1681 2304 Aug.
