2210 3340
948 229 1242 272 -49—

236 351 351 392 Eum.
378 350 492 404 321),
523 363 765 391 commorum
797 349 921 402 (Pers.
945 350 1028 390 932
1063 349 1236 400 Choeph.
1258 348 1372 400 315),
1403 349 1644 389 canticorum
1674 349 1846 400 Choeph.
1869 349 1952 389 722

238 424 348 464 Pers.
382 425 480 464 155.

324 483 331 487 ’
382 495 479 534 locis
515 505 614 545 quos
649 493 933 543 adscripsimus
970 493 1151 531 omnibus
1185 495 1396 543 antequam
1429 503 1587 531 oermen
1618 492 1809 531 modulari
1841 503 1955 531 exor-

235 567 398 607 diantur
432 565 576 614 cuncti,
613 577 718 604 unus
754 576 988 615 progressus
1018 564 1226 616 prologum
1255 564 1374 603 habet
1403 563 1706 614 anapaesticum.
1769 563 1956 614 prooemii

238 649 402 678 munere
437 638 510 677 hos
549 637 663 687 fungi
703 648 842 676 versus
882 649 970 676 cum
1010 636 1104 676 inde
1145 636 1274 675 elucet
1310 635 1415 687 quod
1453 639 1569 686 poeta
1598 635 1674 686 ipsi
1704 634 1763 674 illi
1794 634 1957 674 carmini

236 721 308 750 eos
349 708 562 760 praemisit,
605 712 691 748 tum
735 709 941 748 sententiis
985 708 1128 759 quibus
1170 708 1370 747 instruxit.
1432 720 1601 758 namque
1637 707 1839 746 continent
1874 706 1957 746 fere

239 781 403 820 verbum
441 793 519 832 quo
555 780 639 820 dux
679 793 772 820 eum
811 781 946 832 ipsum
982 780 1164 820 inchoare
1202 780 1364 820 comites
1401 780 1534 819 iubeat
1564 782 1724 819 cantum
1754 779 1822 830 qui
1853 779 1957 818 inse-

235 851 386 904 quitur.
428 852 570 904 quodsi
600 853 673 892 hos
705 865 844 892 versus
875 853 943 892 illo
973 853 1162 892 recitante
1193 852 1400 891 choreutas
1430 851 1481 890 ad
1512 852 1693 890 choream
1724 862 1768 890 se
1799 861 1957 900 parasse

237 935 285 963 ac
315 923 541 963 constitisse
570 927 690 975 patet,
722 924 825 963 hanc
855 924 980 963 fuisse
1011 936 1170 963 causam
1202 935 1272 962 cur
1302 923 1521 962 condiderit
1551 934 1620 962 eos
1649 925 1766 973 poeta
1796 921 1958 960 forsitan

236 995 464 1046 suspiceris.
507 998 549 1035 at
579 1008 740 1035 curnam
771 996 840 1034 illa
870 998 1023 1034 tantum
1053 994 1379 1045 antegrediuntur
1410 994 1582 1033 carmina
1612 993 1722 1033 chori
1752 1005 1843 1032 cum
1873 993 1959 1043 ipsa

238 1078 284 1106 re
321 1067 499 1106 scaenica
534 1065 860 1118 requirerentur?
921 1067 1019 1106 haec
1054 1066 1176 1116 igitur
1212 1078 1337 1117 ecqua
1372 1078 1415 1105 re
1446 1065 1588 1105 ceteris
1618 1067 1826 1114 antestent,
1864 1076 1959 1103 exa-

237 1138 470 1178 minandum
529 1141 602 1179 est.
656 1161 710 1167 --
763 1139 967 1178 sententiis
1015 1142 1152 1177 ornata
1207 1141 1299 1176 sunt
1347 1137 1422 1176 his.
1490 1137 1651 1176 stasima
1691 1135 1828 1187 Suppl.
1873 1136 1956 1176 630

241 1211 315 1261 Ag.
349 1211 433 1250 367
475 1210 604 1250 nomis
647 1210 771 1249 sacris
810 1210 1038 1249 assimulata
1078 1212 1275 1249 structura
1315 1206 1381 1262 (cf.
1403 1221 1441 1260 p.
1465 1208 1534 1257 34)
1569 1208 1757 1247 exhibent
1791 1207 1958 1246 alterum
1988 1216 1994 1220 ·

238 1281 474 1333 Supplicum
511 1294 583 1333 pro
622 1282 782 1332 Argivis
821 1282 1065 1332 precationes
1105 1281 1295 1331 gravitate
1334 1281 1578 1332 conspicuas,
1617 1280 1785 1319 alterum
1819 1290 1960 1318 senum

239 1352 380 1393 Troiae
423 1357 561 1405 captae
602 1353 921 1405 gratulationem3
965 1353 1079 1392 Eum.
1125 1354 1208 1392 321
1257 1356 1302 1391 ut
1343 1351 1411 1391 illa
1453 1352 1689 1391 instructum
1732 1350 1960 1402 ephymniis

241 1424 410 1474 δέσμιος
429 1429 492 1465 est
521 1418 657 1474 ῧμνος
687 1437 764 1476 quo
787 1425 980 1464 fascinare
1005 1425 1166 1464 student
1191 1424 1329 1463 Furiae
1354 1422 1545 1463 Orestem.
1577 1423 1684 1462 Pers.
1706 1424 1790 1463 548
1817 1422 1960 1461 Persae

240 1496 359 1536 Darei
390 1497 496 1547 regis
526 1497 705 1536 umbram
736 1497 811 1537 rite
842 1509 895 1536 ex
924 1496 1062 1536 inferis
1092 1496 1286 1547 excitant3
1307 1496 1416 1535 Pers.
1441 1497 1525 1535 633
1553 1491 1661 1546 Sept.
1684 1495 1768 1535 832
1802 1496 1960 1545 θρῆνοι

241 1571 336 1607 sunt
378 1568 552 1608 numeris
595 1569 658 1620 (cf.
690 1568 780 1608 Wil.
813 1569 920 1608 Com.
963 1571 1075 1608 metr.
1119 1568 1171 1617 II,
1213 1568 1285 1617 32)
1329 1567 1612 1618 sententiisque
1655 1566 1794 1605 severi.
1866 1577 1959 1615 ergo

238 1651 342 1691 quae
385 1640 669 1680 sententiarum
713 1640 776 1680 vel
819 1640 1061 1680 sublimitate
1104 1640 1169 1679 vel
1205 1639 1434 1679 austeritate
1463 1638 1634 1689 insignia
1665 1641 1757 1677 sunt
1787 1636 1960 1686 stasima,

240 1723 287 1751 ea
325 1712 562 1764 amplificata
600 1713 786 1763 leguntur
824 1712 1028 1764 prooemiis
1071 1711 1341 1763 anapaesticis.
1403 1723 1495 1761 ergo
1535 1710 1736 1761 anapaesti
1772 1709 1850 1760 ipsi
1888 1720 1961 1760 per

238 1795 341 1835 quos
379 1796 404 1824 a
443 1783 598 1835 dialogo
639 1784 834 1836 pedestris
878 1785 1070 1824 sermonis
1106 1784 1384 1836 propinquiore
1421 1786 1511 1834 apte
1547 1782 1737 1822 transibat
1766 1783 1881 1833 poeta
1910 1779 1962 1820 ad

238 1855 427 1896 carminis
458 1856 774 1906 sollemnitatem,
815 1856 908 1896 huic
940 1859 1032 1895 sunt
1063 1859 1302 1896 ornamento.
1364 1855 1526 1906 prologo
1557 1855 1680 1893 utitur
1710 1866 1787 1905 quo
1818 1854 1962 1903 augeat

238 1931 381 1968 cantus
420 1928 662 1978 gravitatem,
702 1940 781 1967 non
821 1928 1027 1968 choreutas
1060 1940 1103 1967 se
1142 1940 1281 1979 parare
1319 1927 1405 1966 vult
1441 1927 1492 1967 ad
1523 1926 1759 1975 saltandum,
1791 1925 1862 1965 sed
1892 1936 1960 1964 eos

239 1999 313 2052 qui
342 1999 489 2039 adsunt
524 1999 575 2039 ad
612 2000 864 2039 audiendum.
899 2023 953 2028 ——
986 2003 1118 2040 notata
1147 2003 1347 2051 praeterea
1378 2011 1496 2038 carm.
1529 1998 1702 2050 Choeph.
1737 1998 1820 2037 722
1853 1997 1961 2036 Pers.

245 2073 329 2111 155
373 2071 604 2123 perexiguis
648 2070 807 2123 quidem
850 2072 1029 2123 praedita
1069 2072 1255 2123 prologis,
1299 2071 1454 2121 exiguis
1498 2071 1615 2110 etiam
1645 2067 1784 2122 ‘logis’,
1827 2072 1961 2108 tamen

241 2147 409 2195 utroque
438 2143 558 2183 altius
588 2144 758 2195 quodam
789 2143 903 2183 modo
928 2147 1117 2183 tractatur
1140 2146 1435 2194 argumentum:
1466 2146 1677 2194 precantur
1698 2141 1962 2194 Choephoroe,

242 2215 388 2256 Persae
418 2215 584 2255 Matrem
627 2215 773 2255 Xerxis
816 2216 1206 2269 appropinquantem,
1250 2213 1368 2255 θεῶν
1411 2214 1505 2254 ἴσον
1550 2211 1793 2263 ὀφθαλμοῖς
1836 2208 1960 2263 φάος,

239 2287 501 2327 consalutant.
561 2299 702 2327 verum
740 2291 972 2338 argumento
1011 2299 1140 2339 neque
1177 2288 1274 2327 haec
1311 2299 1402 2327 esse
1431 2289 1599 2338 possunt
1628 2297 1755 2337 neque
1786 2295 1962 2324 commus

243 2358 352 2399 Pers.
386 2359 492 2410 9323
536 2359 783 2410 coryphaeus
826 2359 929 2399 enim
973 2372 1065 2399 cum
1101 2359 1276 2399 Xerxem
1314 2371 1450 2410 regem
1493 2358 1703 2410 compellet
1738 2356 1962 2408 anapaestis

243 2430 490 2484 vulgaribus,
533 2443 762 2481 germanum
808 2431 949 2471 commi
994 2431 1247 2483 prooemium,
1291 2443 1327 2470 v,
1373 2430 1603 2480 922—31‚
1646 2430 1809 2468 alteram
1852 2428 1962 2467 illam

242 2502 419 2553 speciem
458 2502 668 2553 exhibens,
699 2515 798 2554 quos
828 2502 1054 2543 Hermanno
1085 2504 1185 2543 duce
1216 2503 1447 2554 spondiacos
1477 2501 1735 2555 appellamus,
1766 2501 1861 2552 quin
1891 2500 1964 2539 toti

242 2573 363 2614 choro
393 2574 564 2614 dandum
596 2575 659 2624 sit,
703 2575 837 2614 nullus
874 2575 1020 2614 dubito.
1082 2574 1216 2625 magni
1252 2577 1385 2614 autem
1422 2574 1605 2613 ducimus
1640 2573 1827 2612 momenti
1858 2571 1962 2623 quod

242 2657 423 2684 commus
465 2647 513 2686 ab
557 2645 697 2686 Oreste
739 2647 897 2686 Electra
939 2648 1058 2686 choro
1100 2647 1150 2685 ad
1190 2646 1501 2697 Agamemnonis
1542 2645 1740 2685 tumulum
1783 2646 1963 2683 cantatus

244 2716 491 2767 praeluditur
521 2719 582 2768 (ac
611 2718 845 2769 disponitur)
877 2718 989 2758 ducis
1019 2718 1243 2770 anapaestis
1256 2717 1299 2770 1).

389 2820 418 2866 ¹)
442 2821 473 2857 si
498 2823 641 2857 tenetur
665 2822 750 2858 ordo
780 2821 1010 2868 stropharum
1041 2821 1192 2858 traditus
1217 2822 1279 2867 (cf.
1305 2833 1340 2867 p.
1366 2819 1428 2867 38)
1455 2821 1504 2858 ita
1538 2820 1726 2866 dispositus
1760 2818 1890 2865 legitur
1922 2820 1963 2855 ut

242 2881 426 2926 anapaesti
456 2882 670 2918 antecedant
705 2882 931 2928 stropharum
971 2882 1119 2918 triadem
1158 2892 1245 2927 quas
1283 2882 1430 2917 cantant
1461 2880 1606 2917 Orestes
1643 2879 1772 2916 chorus
1809 2878 1960 2915 Electra.

244 2941 374 2985 quater
396 2940 504 2986 igitur
528 2941 691 2986 prooemii
715 2941 791 2978 loco
815 2944 909 2978 sunt.
960 2941 1042 2977 inde
1062 2952 1083 2978 a
1100 2953 1135 2978 v.
1156 2941 1226 2977 422
1251 2940 1365 2977 altera
1389 2940 1510 2986 incipit
1529 2950 1612 2986 pars
1630 2939 1809 2985 prooemiis
1826 2949 1961 2976 carens.

1677 3011 1700 3047 4
