2210 3340
926 209 1218 250 -15-

360 329 464 370 Nub.
499 331 583 370 970

433 414 471 454 εἰ
500 411 544 454 δε
576 427 639 461 τις
670 409 887 453 αὐτῶν...
919 408 1130 461 κάμψειέν
1162 426 1255 452 τινα
1286 406 1462 464 καμπήν

433 485 526 533 οἵας
557 484 598 524 οἱ
629 485 711 525 νῦν
740 480 817 532 τὰς
854 480 962 523 κατὰ
1007 484 1170 535 Φρῦνιν
1210 480 1368 532 ταύτας
1408 480 1485 535 τὰς
1529 480 1935 532 δυσκολοκάμπτους

217 557 269 596 ad
297 569 399 609 quae
427 556 590 596 adnotat
620 556 868 596 scholiastes:
910 552 1214 607 ἐκαινούργησε
1251 549 1518 603 κατακλάσας
1549 551 1629 606 τὴν
1652 551 1787 606 ῶιδὴν
1818 550 1936 604 παρὰ

220 624 270 668 τὸ
316 624 495 680 ἀρχαῖον
540 626 652 677 ἔθος,
707 624 767 676 ὠς
812 623 1109 679 Ἀριστοφάνης
1156 629 1257 679 φησὶ
1304 629 1373 666 καὶ
1429 623 1691 678 Φερεκράτης
1733 627 1932 677 (Burges.:

218 694 556 751 Ἀριστοκράτης).

361 794 558 835 Timothei
589 796 725 846 fragm.
761 798 813 835 ‘27
848 795 937 834 Wil.

361 865 474 906 νικᾶι
524 865 727 916 Τιμόθεος
771 863 847 907 τὸν
884 864 1098 916 Κάμωνος
1136 867 1174 916 (i.
1201 879 1233 907 e.
1264 866 1438 918 Φρῦνιν)
1483 861 1560 905 τὸν
1606 860 1933 911 Ἰωνοκάμπταν.

219 962 315 1016 quid
346 962 531 1013 Phrynis,
563 975 767 1002 nomorum
795 967 921 1014 poeta,
962 962 1167 1012 invenerit,
1211 966 1349 1001 notum
1390 965 1452 1001 est
1482 974 1533 1001 ex
1565 961 1695 1000 Procli
1725 961 1795 999 illo
1826 960 1936 999 testi-

219 1034 349 1074 monio
388 1034 621 1086 (Chrestom.
662 1036 769 1074 3208ι
807 1036 856 1074 ef.
894 1034 986 1074 Wil.
1019 1034 1188 1074 Timoth.
1234 1047 1272 1085 p.
1321 1033 1411 1083 95):
1451 1027 1753 1083 ἐκαινοτόμησε
1802 1027 1936 1071 αὐτὸν

220 1108 288 1159 (sc.
320 1102 398 1146 τὸν
429 1102 576 1155 νόμον)
609 1102 658 1146 τό
689 1121 732 1146 τε
754 1102 836 1158 γὰρ
855 1103 1084 1158 ἑξάμετρον
1115 1106 1194 1146 τῶι
1225 1101 1462 1154 λελυμένωι
1497 1108 1674 1156 συνῆψε.
1719 1104 1937 1153 dithyram-

220 1179 358 1218 borum
377 1183 510 1218 autem
529 1181 665 1230 poetas
684 1179 783 1230 ipsis
803 1179 866 1217 his
887 1178 1100 1228 Phrynidis
1119 1179 1373 1229 temporibus,
1399 1178 1464 1216 vel
1483 1178 1602 1217 etiam
1623 1181 1714 1216 ante
1732 1175 1938 1226 Phrynim,

221 1250 472 1301 stropharum
503 1250 802 1302 responsionem
833 1250 1043 1290 sustulisse
1072 1250 1308 1289 Aristoteles
1348 1249 1470 1289 tradit
1510 1262 1599 1288 cum
1631 1247 1935 1299 Melanippidem

222 1317 551 1370 ἀπολελυμένων
582 1326 695 1362 vocat
730 1323 978 1362 inventorem
1009 1322 1139 1371 (Rhet.
1172 1322 1246 1372 III,
1281 1323 1342 1371 9):
1386 1318 1556 1369 καμπάς
1597 1321 1687 1360 illas
1729 1320 1791 1360 his
1835 1315 1938 1359 ἀπο-

221 1387 468 1442 λελυμένοις
496 1395 676 1446 proprias
706 1394 830 1434 fuisse
872 1407 948 1433 non
993 1394 1168 1445 negabis,
1214 1406 1304 1433 eum
1347 1394 1549 1433 audiveris
1593 1393 1830 1443 gravissima
1872 1391 1940 1430 illa

222 1465 512 1506 Problematum
543 1466 870 1506 Aristotelem-um
900 1467 1018 1506 verba
1050 1466 1256 1518 (Problem.
1289 1465 1398 1515 XIX,
1429 1466 1529 1515 ’,15);
1569 1460 1636 1504 διὰ
1670 1466 1711 1504 τί
1741 1464 1782 1504 οἱ
1813 1460 1939 1512 νόμοι

223 1533 303 1578 οὐκ
339 1536 386 1578 ἐν
429 1533 729 1590 ἀντιστρόφοις
772 1538 1000 1578 ἐποιοῦντο
1010 1553 1025 1588 ,·
1067 1533 1105 1590 ἢ
1127 1532 1191 1577 ὅτι
1223 1538 1339 1578 οἱ...
1374 1533 1499 1586 νόμοι
1533 1535 1785 1587 ἀγωνιστῶν
1816 1529 1937 1587 ἦσαν,

223 1602 311 1650 ῶν.
329 1641 337 1650 .
354 1641 362 1649 .
387 1607 411 1662 ἡ
435 1606 542 1662 ῶιδῆ
563 1608 730 1660 ἐγένετο
752 1607 892 1662 μακρὰ
914 1612 984 1650 καὶ
1006 1607 1286 1661 πολυειδής
1304 1641 1311 1648 .
1328 1641 1335 1649 .
1352 1641 1360 1649 .
1384 1606 1441 1653 τὰ,
1458 1606 1563 1661 μέλη
1583 1639 1592 1647 .
1613 1641 1620 1649 .
1640 1642 1647 1649 .
1673 1610 1746 1660 τῆι
1770 1604 1938 1658 μιμήσει

223 1677 466 1734 ἠκολούθει,
501 1678 575 1722 ἀεὶ
606 1681 748 1734 ἕτερα
781 1679 1050 1732 γενόμενα,
1086 1678 1153 1722 διὸ
1179 1684 1249 1721 καὶ
1281 1682 1322 1721 οἱ
1357 1676 1619 1733 διθύραμβοι
1650 1676 1789 1731 ἐπειδὴ
1816 1693 1939 1730 μιμη-

222 1755 332 1794 τικοὶ
363 1748 561 1804 ἐγένοντο
593 1754 631 1804 (i.
658 1767 691 1795 e.
723 1755 816 1794 inde
847 1768 870 1793 a
900 1755 1180 1806 Melanippidis
1210 1753 1353 1805 aetate)
1401 1749 1482 1793 οὐκ
1530 1751 1589 1793 ἔτι
1632 1752 1779 1802 ἔχουσι
1828 1749 1939 1791 ἀντι-

225 1819 514 1878 στρόφους...
551 1825 688 1867 αἴτιον
720 1827 763 1867 δὲ
802 1821 867 1867 ὅτι
898 1824 949 1867 τὸ
981 1823 1167 1866 παλαιὸν
1211 1827 1251 1866 οἱ
1295 1822 1511 1877 ἐλεύθεροι
1555 1821 1757 1876 ἐχόρευον
1803 1819 1939 1863 αὐτοί.

222 1893 415 1947 πολλοὺς
471 1891 553 1938 οὖν
614 1895 906 1949 ἀγωνιστικῶς
955 1894 1086 1940 άιδειν
1136 1895 1327 1949 χαλεπὸν
1377 1891 1442 1951 ἦν,
1500 1891 1609 1937 ὥστε
1660 1891 1941 1947 ἐναρμόνια

222 1970 384 2020 μᾶλλον
419 1965 524 2022 μέλη
570 1970 750 2022 ε’νῆιδον,
794 1968 1127 2021 μεταβάλλειν
1171 1969 1251 2022 γὰρ
1296 1965 1490 2018 πολλάς
1532 1960 1819 2017 μεταβολάς
1863 1966 1941 2006 τῶι

224 2041 284 2083 ἑνὶ
317 2040 440 2094 ῥᾶιον
471 2037 496 2094 ἢ
530 2050 619 2091 τοῖς
651 2046 898 2091 πολλοῖς...
943 2067 998 2072 -
1043 2047 1160 2095 atque
1201 2043 1300 2082 haec
1339 2042 1507 2092 Dionysi
1538 2040 1664 2080 Halie.
1707 2040 1771 2091 (de
1814 2047 1940 2089 comp.

223 2115 328 2154 verb.
366 2114 466 2161 156)
499 2115 539 2155 οἱ
574 2115 935 2166 διθυραμβοποιοὶ
966 2116 1036 2155 καὶ
1067 2112 1170 2163 τοὺς
1202 2111 1392 2166 τρόπους
1430 2109 1716 2162 μετέβαλον
1749 2112 1941 2162 Δωρίους

224 2200 269 2226 τε
298 2188 372 2226 καὶ
405 2188 620 2238 Φρυγίους
651 2188 722 2226 καὶ
753 2188 935 2239 Λυδίους
966 2186 1013 2227 ἐν
1042 2187 1122 2227 τῶι
1155 2183 1292 2226 αὐτῶι
1314 2181 1484 2234 ἄισματι
1507 2187 1733 2231 ποιοῦντες
1763 2183 1833 2223 καὶ
1866 2178 1942 2230 τὰς

223 2259 448 2307 μελωιδίας
478 2254 711 2310 ἑξήλλατον
743 2256 835 2299 τότε
866 2260 941 2308 μὲν
973 2258 1251 2310 ἐναρμονίους
1283 2258 1520 2306 ποιοῦντες,
1560 2253 1655 2296 τότε
1692 2256 1735 2294 δὲ
1772 2267 1941 2306 χρωμα-

223 2324 383 2380 τικούς,
415 2326 510 2370 τότε
531 2330 574 2370 δὲ
598 2328 822 2379 διατόνους
842 2332 913 2371 καὶ
934 2338 1024 2379 τοῖς
1056 2329 1239 2381 ῥυθμοῖς
1269 2325 1378 2369 κατὰ
1408 2324 1573 2380 πολλὴν
1606 2323 1749 2367 ἄδειαν
1780 2325 1942 2375 ἐνεξου-

227 2398 444 2453 σιάζοντες
477 2397 716 2443 διετέλουν.
735 2434 768 2443 ..
808 2402 894 2442 ἐπεὶ
925 2398 1042 2454 παρά
1069 2417 1114 2453 γε
1141 2409 1231 2450 τοῖς
1264 2399 1454 2451 ἀγχαίοις
1493 2399 1741 2450 τεταγμένος
1779 2390 1834 2449 ἦν
1870 2398 1940 2436 καὶ

227 2466 252 2512 ὃ
285 2468 555 2525 διθύραμβος
586 2474 624 2523 (i.
646 2487 678 2514 e.
703 2478 794 2514 ante
812 2472 1148 2528 Melanippidem).
1209 2474 1302 2513 hino
1332 2477 1443 2525 patet
1461 2472 1773 2523 Aristophaneae
1802 2469 1942 2509 aetatis

228 2543 411 2595 Graecos,
442 2550 487 2584 ut
517 2557 642 2586 novas
672 2546 762 2586 illas
791 2549 911 2598 atque
942 2546 1139 2586 inauditas
1169 2549 1371 2597 poetarum
1393 2545 1633 2584 nomioorum
1656 2546 1697 2582 et
1721 2542 1942 2591 dithyram-

228 2616 399 2656 bioorum
432 2617 703 2668 significarent
732 2624 850 2668 artes,
889 2619 956 2670 qui
987 2631 1059 2670 pro
1091 2618 1254 2658 canticis
1286 2617 1484 2668 strophice
1522 2614 1751 2666 compositis
1789 2610 1942 2653 ἀπολε-

228 2683 424 2736 λυμὲνοις
458 2689 539 2729 illis
569 2690 741 2729 inventis
772 2690 908 2730 modos
938 2702 1201 2741 numerosque
1241 2689 1379 2729 eodem
1410 2689 1452 2727 in
1484 2690 1602 2727 cantu
1634 2698 1752 2736 saepe
1781 2697 1942 2736 permu-

226 2761 372 2810 tabant‚
403 2762 523 2800 verbo
543 2773 637 2801 usos
655 2774 743 2801 esse
769 2758 984 2812 κάμπτειν,
1015 2756 1190 2812 καμπήν
1223 2773 1315 2801 esse
1345 2761 1499 2800 flexum
1530 2762 1670 2798 cantus
1702 2757 1830 2808 qualis
1860 2756 1942 2794 illis

229 2827 621 2882 ἄισματοκάμπταις
650 2834 690 2872 in
723 2833 874 2873 deliciis
917 2837 1011 2873 erat.
1078 2833 1168 2873 ilico
1205 2845 1298 2872 vero
1337 2832 1379 2871 id
1429 2842 1585 2882 quoque
1632 2832 1797 2880 apparet
1840 2823 1942 2875 κάμ-

228 2916 348 2943 πτειν
398 2903 586 2956 (fleotere)
637 2907 778 2946 fortius
827 2905 1117 2957 quodammodo
1166 2909 1284 2956 atque
1328 2904 1488 2955 gravius
1541 2902 1688 2941 dictum
1740 2912 1829 2940 esse
1871 2911 1944 2951 pro
