2210 3340
992 195 1283 236 ...ῃ-

283 327 418 355 vocem
462 315 636 367 explicat
672 314 896 364 Hesychius
942 314 999 353 sic
1032 314 1077 363 (s.
1100 314 1170 361 V.):
1216 307 1332 353 οὕτω
1376 312 1520 363 ἔλεγον
1563 310 1667 353 ἐπὰν
1713 311 1869 362 ὁμοίως
1910 321 1997 362 τοῖς

279 383 512 439 &parmam
543 387 670 436 βουσὶ
701 382 776 433 τὰς
808 382 1094 436 α’ντιστροφὰς
1126 384 1246 435 ποιῆι
1276 384 1525 434 τις·ἔλεγον
1556 385 1598 424 δὲ
1629 384 1696 425 ἐπὶ
1715 386 1798 425 τοῦ
1821 382 1998 437 γράφειν

281 455 449 511 τρόπωι
496 455 696 498 τοιούτωι
747 457 812 506 (cf.
860 456 1075 496 Pausanias
1122 456 1167 508 V,
1204 458 1267 496 17.
1303 458 1354 504 6).
1429 457 1686 495 confirmatur
1727 461 1858 497 autem
1902 459 1998 497 haec

282 530 553 582 interpretatio
584 528 853 568 recentissima
882 528 1146 579 antiquissimi
1166 531 1306 579 poetae
1332 528 1596 578 descriptione
1615 529 1768 579 arandi;
1801 529 1997 569 Homerus

278 602 387 642 enim
418 604 459 641 Σ
489 601 576 641 544
607 600 658 639 de
686 600 904 639 aratoribus
936 600 1032 639 haec
1062 599 1174 639 dicit:

569 707 609 747 οἱ
641 703 676 746 δ’
699 703 827 747 ὁπότε
861 703 1118 757 στρέψαντες
1151 706 1312 746 ἱκοίατο
1344 702 1496 746 τέλσον
1529 703 1726 758 ἀρούρης,

567 786 678 818 τοῖσι
710 775 747 818 δ’
768 774 893 818 ἔπειτ’
916 778 962 818 ἐν
991 780 1106 830 χερσὶ
1138 775 1271 826 δέπας
1301 778 1515 829 μελιηδέος
1546 777 1667 817 οἴνου

567 847 717 890 δόσκεν
745 847 852 902 ἀνὴρ
883 847 1041 890 ε’πιών·
1059 851 1122 889 τοὶ
1157 851 1199 889 δὲ
1235 844 1501 901 στρέψασκον
1533 846 1599 890 ἀν’
1625 845 1784 899 ὄγμους

570 919 723 971 ἱέμενοι
756 929 884 962 νειοῖο
916 924 1090 973 βαθείης
1122 917 1273 961 τέλσον
1305 917 1484 961 ἱκεσθαι.

279 1030 443 1082 stropha
472 1029 596 1080 igitur
626 1029 674 1068 fit
705 1032 744 1068 et
774 1042 865 1068 cum
895 1032 1025 1069 arator
1054 1029 1097 1068 in
1128 1029 1209 1068 fine
1240 1030 1342 1068 sulci
1371 1029 1489 1068 vertit
1526 1030 1645 1069 boves
1678 1033 1719 1069 et
1748 1042 1840 1069 cum
1872 1031 1999 1070 scriba

282 1102 348 1142 vel
378 1105 515 1142 cantor
544 1114 567 1140 a
598 1101 679 1140 fine
710 1113 851 1140 versus
881 1101 945 1140 vel
977 1104 1117 1140 cantus
1148 1101 1198 1140 ad
1228 1101 1475 1152 insequentis
1505 1101 1646 1140 transit
1675 1101 1921 1153 principium.

423 1197 543 1236 huius
589 1199 719 1236 autem
769 1196 1067 1246 significationis
1110 1196 1336 1236 memoriam
1387 1208 1465 1235 non
1508 1196 1625 1247 plane
1667 1196 1850 1237 interisse
1893 1198 1996 1249 apud

279 1269 454 1310 Graecos
484 1268 619 1308 nescio
649 1281 699 1307 an
732 1280 782 1307 ex
813 1269 888 1307 hac
917 1268 1101 1307 concludi
1133 1268 1259 1319 possit
1289 1267 1466 1317 Hesychi
1497 1268 1727 1308 definitione
1759 1269 1803 1321 (s.
1837 1266 1907 1317 v.):

688 1353 868 1403 στροφαὶ
901 1352 943 1391 αἱ
974 1347 1302 1402 καταδιαιρὲσεις
1334 1351 1421 1391 τῶν
1452 1350 1602 1402 μελῶν,

278 1449 413 1490 quem,
444 1448 535 1476 cum
555 1447 651 1475 voce
682 1435 991 1487 καταδιαίρεσις
1021 1447 1099 1474 non
1130 1436 1256 1486 possit
1285 1435 1484 1486 designari
1517 1439 1692 1486 systema
1720 1436 1880 1487 aliquod
1911 1450 1997 1476 ver-

279 1521 410 1560 suum,
441 1507 532 1548 illos
561 1508 670 1559 ipsos
701 1508 802 1546 inter
833 1508 1015 1558 strophas
1047 1511 1086 1546 et
1116 1508 1381 1558 antistrophos
1411 1508 1517 1547 locos
1548 1508 1796 1548 intellexisse
1826 1508 1998 1548 credide-

279 1580 367 1630 rim,
399 1591 499 1632 quos
530 1579 622 1619 olim
653 1579 844 1618 vocabant
875 1578 1014 1618 Graeci
1051 1573 1250 1630 στροφάς.
1315 1580 1384 1619 sed
1417 1579 1677 1619 Terentianus
1708 1580 1872 1620 Maurus
1903 1580 1999 1630 (Ars

281 1656 392 1692 metr.
425 1651 553 1701 2707,
585 1650 798 1690 Grammat.
830 1651 956 1690 Latin.
989 1651 1054 1697 VI,
1086 1651 1171 1691 405
1199 1651 1254 1704 Κ)
1287 1652 1388 1691 hanc
1419 1652 1698 1702 etymologiam
1729 1664 1822 1691 cum
1853 1654 1998 1704 profert

655 1735 756 1774 hanc
786 1735 891 1774 docti
922 1735 1137 1774 tetracolon
1168 1735 1344 1774 vocitant
1374 1739 1473 1774 stro
1481 1735 1604 1787 phen
1610 1767 1622 1787 ,

655 1819 747 1845 nam
778 1810 867 1857 post
899 1810 1081 1857 quattuor
1111 1807 1185 1846 hos
1215 1806 1338 1846 altera
1369 1807 1578 1846 vertitur

654 1878 705 1917 ad
736 1878 864 1928 legem
897 1879 1066 1917 similem
1098 1879 1313 1918 consimilis
1346 1879 1559 1931 strophe,

277 1965 412 2002 utrum
444 1961 606 2001 Graecis
645 1963 912 2012 grammaticis
951 1963 1091 2002 debeat
1129 1975 1265 2012 necne,
1309 1963 1508 2002 diudicare
1549 1975 1712 2014 nequeo.
1755 1974 1894 2004 verum
1927 1965 1999 2003 hoc

276 2037 431 2074 certum
462 2036 524 2073 est
555 2045 712 2073 versum
745 2031 973 2074 Latinorum
1007 2035 1103 2074 nihil
1133 2036 1277 2074 habere
1313 2047 1519 2074 commune
1549 2047 1638 2074 cum
1670 2036 1855 2087 ‘stropha'
1881 2035 1999 2075 Grae·

275 2117 424 2145 corum.
489 2117 628 2145 versus
659 2106 764 2145 enim
796 2110 858 2145 est
889 2107 1023 2146 sulcus
1056 2106 1122 2159 (cf.
1155 2107 1307 2146 Colum.
1332 2108 1369 2156 2,
1394 2108 1432 2156 2,
1454 2107 1507 2146 25
1542 2107 1643 2146 Plin.
1667 2107 1820 2157 XVIII,
1853 2108 1922 2157 49,
1950 2108 1999 2160 1),

276 2177 362 2216 sive
408 2177 630 2216 derivatum
680 2181 742 2217 est
792 2179 955 2217 verbum
1000 2192 1022 2217 a
1066 2191 1178 2218 verro
1223 2178 1380 2231 (Walde
1423 2178 1553 2229 Etym.
1595 2179 1856 2219 Worterbuch
1900 2193 1929 2219 s.
1962 2193 1998 2218 v,

278 2246 449 2301 versus),
494 2248 580 2288 sive
623 2249 728 2300 quod
771 2250 1026 2289 verisimilius
1070 2251 1256 2290 existimo
1299 2263 1322 2289 a
1366 2254 1475 2290 verto
1519 2249 1722 2304 (Georges.
1763 2251 1864 2303 alii):
1910 2264 1997 2290 nam

274 2320 487 2371 agricolam
527 2324 656 2359 aratro
695 2324 840 2360 terram
882 2325 1036 2361 vertere
1074 2326 1115 2361 et
1150 2322 1236 2372 agri
1268 2322 1445 2362 culturae
1476 2322 1688 2374 scriptores
1717 2323 1918 2362 affirmant
1948 2326 1999 2375 (e.

278 2405 317 2443 g.
348 2391 500 2432 Colum.
531 2392 601 2443 IV,
635 2394 679 2433 5:
718 2397 874 2432 vertere
912 2393 1040 2432 solum
1071 2394 1307 2442 bidentibus)
1346 2398 1387 2434 et
1416 2397 1645 2445 Augusteae
1681 2395 1822 2434 aetatis
1860 2398 1998 2446 poetae

277 2462 331 2516 (e.
361 2476 398 2514 g.
430 2464 563 2503 Horat.
598 2463 677 2503 Sat.
709 2464 741 2514 I,
777 2466 812 2514 1,
847 2466 923 2505 28:
956 2465 1023 2504 ille
1054 2478 1217 2516 gravem
1250 2466 1348 2505 duro
1387 2470 1532 2505 terram
1574 2467 1641 2517 qui
1682 2466 1801 2505 vertit
1839 2467 1997 2517 aratro).

275 2531 507 2586 ‘stropham'
545 2540 678 2575 autem
722 2537 837 2575 boum
883 2541 924 2576 et
967 2537 1085 2576 aratri
1129 2537 1296 2577 Romani
1339 2550 1416 2577 non
1459 2538 1663 2588 appellant
1705 2535 1889 2577 ‘versum’
1929 2538 1997 2577 sed

276 2603 507 2646 ‘versuram’
548 2608 611 2658 (cf.
644 2607 796 2647 Colum.
827 2608 879 2657 ΙΙ,
912 2610 951 2658 2,
982 2610 1056 2648 28;
1089 2621 1179 2648 cum
1211 2613 1373 2648 ventum
1411 2610 1486 2648 erit
1522 2609 1572 2649 ad
1604 2621 1817 2649 versuram.
1850 2609 1996 2649 Pallad.

281 2678 319 2728 2,
351 2677 407 2729 3).
439 2700 496 2706 —
527 2678 660 2730 itaque
698 2691 744 2718 eo
774 2683 927 2719 tantum
973 2680 1118 2719 similia
1161 2685 1254 2719 sunt
1296 2681 1416 2720 verba
1458 2681 1537 2730 illa,
1581 2681 1685 2732 quod
1724 2681 1827 2720 sicut
1858 2680 1997 2720 Graeci

277 2744 518 2801 στρέφοντα
548 2749 729 2790 dicebant
769 2752 835 2802 qui
879 2752 919 2790 in
957 2752 1166 2791 scribendo
1208 2765 1348 2792 novam
1392 2752 1523 2792 adibat
1552 2753 1707 2801 lineam,
1747 2753 1803 2791 ita
1833 2752 1998 2792 Romani

278 2821 450 2860 scribere
504 2821 636 2872 ipsum
691 2834 780 2861 cum
834 2823 980 2862 arando
1036 2824 1281 2863 conferentes
1337 2825 1553 2863 litterarum
1610 2823 1804 2874 quandam
1854 2825 1996 2863 seriem

274 2892 461 2932 ‘versum’
492 2892 798 2944 appellaverunt.
831 2917 889 2922 ——

1710 2975 1731 3009 ‘2
