2210 3340
963 221 1136 262 —56
1200 232 1267 249 —·

264 341 514 392 praeludatur
563 340 850 392 anapaesticum
889 352 1046 380 carmen
1085 341 1185 380 hanc
1225 340 1427 380 continens
1466 340 1746 380 invocationem
1793 332 1843 392 (ὦ
1883 343 1965 380 Ζεῦ

263 414 457 460 βασιλεῦ.
475 442 484 451 .
502 411 540 461 .),
573 412 648 450 hoc
677 423 768 451 vero
797 411 926 462 ipsum
957 411 1135 462 prooemii
1165 423 1326 451 munere
1356 412 1543 462 fungatur
1574 411 1724 450 stasimi
1753 411 1966 462 insequen—

263 483 313 521 tis
358 482 424 530 (cf.
454 494 492 533 p.
522 479 612 535 49).
681 485 847 533 utroque
893 494 985 521 vero
1027 483 1112 521 loco
1154 483 1315 533 prologo
1355 483 1485 533 priore
1526 494 1615 521 cum
1658 481 1838 521 histrioni
1875 485 1960 521 tum

263 553 543 604 spectatoribus
573 554 781 604 exponitur
822 553 890 604 qui
931 554 1002 592 fiat
1044 556 1088 592 ut
1129 553 1202 592 hoc
1238 553 1322 592 loco
1353 553 1518 606 (scilicet
1547 553 1666 603 Argis
1696 556 1785 592 ante
1815 552 1963 603 regiam

264 623 579 674 Agamemnonis,
620 624 784 663 Athenis
820 626 911 663 ante
952 623 1088 663 aedem
1118 623 1345 674 Minervae),
1376 624 1450 663 hoc
1486 627 1659 675 tempore
1689 623 1874 663 recitetur
1905 645 1961 652 --

265 694 480 747 stasimum,
510 694 632 734 altero
662 706 708 733 ea
739 695 833 733 sola
851 694 900 733 de
931 706 1047 733 causa
1077 694 1259 733 adiuncto
1290 698 1335 733 ut
1364 694 1563 733 choricum
1593 695 1723 745 ipsum
1753 694 1965 745 amplifice·

264 770 329 804 tur
342 764 382 816 l).
413 787 472 793 —
501 777 572 816 pro
613 765 857 815 anapaestico
896 765 1085 804 iambicus
1123 768 1184 804 est
1223 765 1393 815 Ohoeph.
1428 766 1509 804 931
1543 764 1655 804 Eum.
1690 766 1785 814 140,
1821 765 1966 816 quibus

263 836 359 875 locis
408 837 636 887 priusquam
682 847 820 874 canere
859 836 982 886 possit
1025 836 1205 884 exordiri,
1248 835 1490 885 colligendus
1532 840 1592 875 est
1633 836 1786 875 chorus.
1846 836 1968 875 verba

267 902 502 958 αἱρούμεθα
541 901 767 955 ὀφθαλμὸν
807 905 939 945 οἴκων
973 902 1030 957 μὴ
1069 902 1350 957 πανώλεθρον
1387 913 1525 945 πεσεῖν
1561 906 1746 957 (Choeph.
1787 906 1886 956 933)
1923 909 1963 945 et

266 974 434 1028 ἀνίστω,
479 973 651 1025 ἰδώμεθ’
686 976 726 1016 εἴ
757 992 797 1016 τι
840 975 964 1016 τοῦδε
1002 979 1201 1028 φροιμίου
1231 984 1363 1024 ματαῖ
1389 977 1516 1027 (Eum.
1552 975 1651 1029 141)
1683 989 1772 1015 cum
1803 988 1878 1016 non
1909 977 1970 1016 ita

265 1049 393 1088 aliena
424 1048 503 1087 sint
525 1049 574 1087 ab
605 1048 870 1087 adhortatione
901 1048 1090 1096 sollemni,
1121 1048 1289 1098 priorem
1321 1048 1603 1098 quodammodo
1627 1047 1876 1098 agnoscimus
1905 1047 1967 1086 in-

267 1119 421 1158 dicendi
452 1119 651 1158 rationem.
682 1142 742 1147 —
773 1119 908 1170 Suppl.
946 1119 1055 1158 1014
1088 1119 1293 1169 proemium
1325 1131 1402 1157 non
1432 1123 1503 1158 est.

407 1213 614 1264 geminatis
643 1214 723 1252 illis
754 1214 995 1264 propinquus
1026 1213 1211 1264 prologus
1240 1213 1429 1252 iambicus
1458 1213 1567 1254 Pers.
1603 1214 1699 1253 623.

265 1296 432 1348 imperat
461 1297 611 1347 Regina
644 1298 667 1336 6
676 1299 695 1335 1
703 1295 727 1335 9
1361 1297 1573 1347 respondet
1602 1296 1845 1347 coryphaeus
1878 1296 1968 1336 624

265 1375 404 1418 χοαῖσι
418 1367 556 1407 ταῖσὸε
569 1361 777 1419 νερτέρων
788 1361 950 1415 ὕμνους
963 1366 981 1406 εἷ
988 1381 1018 1406 π
1027 1381 1044 1406 ε
1053 1381 1078 1406 υ
1087 1381 1118 1417 φ
1128 1381 1151 1418 η
1161 1381 1190 1415 μ
1198 1363 1296 1434 εἴτε)
1317 1363 1373 1407 σύ
1405 1382 1428 1407 τ
1436 1382 1454 1407 ε
1485 1363 1621 1415 πέμπε
1649 1362 1754 1416 χοὰς

268 1435 483 1487 γαπότους
515 1436 551 1477 δ’
572 1434 666 1488 ἐγώ
698 1435 819 1486 τιμὰς
850 1433 1105 1490 προπέμψω.
1293 1435 1297 1494 Ι
1317 1434 1455 1490 ἡμεῖς
1470 1433 1673 1486 θ’ῧμνοις
1689 1431 1968 1489 αἰτησόμεθα.

407 1533 478 1572 pro
526 1522 746 1572 coryphaeo
794 1522 943 1560 iambos
993 1522 1130 1560 recitat
1172 1521 1327 1571 histrio,
1376 1522 1444 1561 ille
1486 1521 1603 1560 huius
1645 1521 1787 1572 repetit
1827 1520 1966 1570 verba;

266 1603 382 1631 causa
413 1604 483 1631 cur
513 1592 610 1631 duos
641 1593 902 1643 composuerit
931 1596 1045 1643 poeta
1076 1592 1221 1632 eadem.
1242 1615 1301 1621 —-
1320 1593 1459 1632 accidit
1489 1592 1604 1632 etiam
1629 1595 1675 1630 ut
1699 1591 1806 1630 solus
1829 1590 1972 1630 histrio

270 1665 432 1703 chorum
462 1663 664 1702 stasimum
694 1663 855 1713 aggredi
886 1664 1017 1702 iubeat
1050 1663 1201 1715 (Suppl.
1235 1664 1331 1703 520.
1366 1665 1448 1703 772
1483 1663 1589 1715 Sept.
1623 1662 1719 1702 265.
1752 1660 1863 1714 280).

409 1747 530 1773 unum
561 1734 669 1773 iuvat
698 1734 858 1773 addere:
890 1735 1055 1773 subinde
1085 1735 1210 1785 ipsius
1235 1735 1378 1773 chorici
1399 1734 1632 1786 principium
1652 1733 1831 1773 similiter
1848 1735 1968 1784 atque

267 1808 563 1856 anapaestorum
594 1805 649 1844 ita
678 1805 889 1855 significari
919 1808 959 1844 et
989 1805 1100 1856 quasi
1131 1806 1259 1844 ornari
1287 1809 1402 1856 poeta
1431 1805 1555 1844 voluit
1584 1808 1629 1844 ut
1657 1804 1842 1855 parvulae
1872 1815 1971 1856 quo-

269 1876 472 1915 dammodo
504 1876 753 1927 praefationis
784 1876 870 1915 vice
900 1877 1095 1926 fungatur.
1156 1877 1253 1915 haec
1283 1880 1412 1915 tecum
1442 1879 1600 1927 reputes
1629 1876 1740 1914 initia

483 1944 619 1998 Suppl.
650 1948 707 1987 40
740 1948 833 1986 νῦν
867 1943 901 1985 δ’
925 1943 1225 1994 ἐπικεκλομένα
1258 1948 1354 1986 Δῖον
1387 1943 1616 1999 πόρτιν...

513 2041 567 2047 —-
633 2019 715 2058 630
748 2022 840 2057 νῦν
873 2012 939 2057 ὅτε
969 2020 1036 2057 καὶ
1069 2019 1161 2057 θεοὶ
1194 2019 1398 2068 Διογενεῖς
1428 2015 1666 2058 κλύοιτε...

482 2088 652 2140 Choeph.
688 2091 768 2129 783
804 2088 895 2128 νῦν
925 2085 1258 2139 παραιτουμὲναι
1288 2103 1428 2137 μοι...
1462 2089 1543 2128 Ζεῦ
1563 2118 1598 2128 ..
1634 2083 1705 2136 ὁός
1729 2119 1737 2127 .
1755 2119 1764 2127 .

482 2160 589 2199 Pers.
622 2161 706 2199 548
739 2160 831 2199 νῦν
864 2157 959 2213 [γὰρ
984 2158 1145 2213 Person]
1180 2156 1237 2211 δὴ
1270 2158 1471 2211 πρόπασα
1507 2156 1636 2199 στένει
1667 2155 1751 2209 γαῖ’
1770 2154 1969 2206 Ἀσιάς..,

481 2231 594 2270 Eum.
625 2231 711 2270 490
745 2229 837 2271 νῦν
868 2232 1157 2282 καταστροφαὶ
1189 2231 1298 2271 νεῶν
1329 2233 1515 2278 θεσμίων
1546 2231 1583 2270 εἰ
1610 2226 1805 2282 κρατήσει
1839 2229 1931 2268 ὁίκα

1680 2300 1806 2340 τοῦδε
1823 2331 1831 2339 .
1848 2329 1856 2338 .
1870 2331 1879 2339 .

416 2429 442 2473 ¹)
467 2428 562 2472 Sept.
588 2429 658 2464 fab.
685 2429 865 2465 trimetros
885 2419 1021 2474 μ82οχ21
1048 2428 1246 2474 anapaestis
1272 2429 1482 2473 praeeuntes
1507 2427 1704 2474 coryphaeo
1734 2426 1858 2462 tribuit
1882 2425 1971 2463 wil.

272 2487 549 2531 (Schlussszenen
575 2488 622 2532 ΙΙ,
651 2488 711 2530 11)
737 2487 871 2524 collatis
895 2487 1019 2523 iambis
1044 2489 1108 2531 Ag.
1135 2488 1202 2523 351
1229 2487 1430 2533 anapaestis
1449 2487 1671 2523 continuatis.
1720 2488 1757 2522 at
1780 2486 1839 2522 hic
1864 2486 1973 2530 (sicut

271 2547 373 2582 Eum.
400 2547 483 2591 304)
509 2548 610 2591 poeta
635 2557 698 2591 per
721 2547 855 2582 iambos
881 2547 1067 2591 coryphaei
1094 2546 1220 2582 transit
1245 2547 1289 2582 ad
1313 2550 1530 2592 anapaestos,
1567 2546 1603 2580 in
1627 2546 1724 2591 Sept.
1759 2545 1829 2582 fab.
1865 2555 1967 2590 cory-

271 2605 405 2651 phaeus
431 2606 531 2652 quasi
555 2608 735 2651 repeteret
757 2606 874 2641 nuntii
900 2616 1033 2651 suaque
1057 2605 1168 2651 ipsius
1201 2605 1310 2641 verba
1342 2606 1541 2651 (815—17;
1575 2605 1768 2651 812—13),
1799 2605 1973 2641 transitus

272 2675 355 2700 vero
380 2675 451 2700 non
476 2667 580 2700 esset.
630 2666 746 2711 itaque
772 2665 929 2700 Bruhnio
955 2667 1074 2710 (Antg.
1099 2677 1132 2710 p.
1158 2666 1194 2711 2)
1229 2665 1398 2710 astipulor
1422 2675 1515 2702 vers.
1540 2664 1703 2701 820—21
1738 2674 1801 2710 pro
1827 2663 1968 2699 14-19

272 2724 483 2769 compositos
508 2724 705 2760 autumanti
728 2724 772 2760 ab
798 2735 838 2760 eo
864 2724 924 2770 qui
949 2725 1101 2760 exodum
1126 2724 1238 2770 qualis
1261 2735 1357 2760 nunc
1389 2723 1517 2770 legitur
1552 2723 1692 2760 fabulae
1724 2723 1854 2759 affixit.
1902 2723 1973 2759 hoc

274 2787 416 2828 accepto
442 2782 498 2819 vel
523 2783 559 2817 id
584 2783 781 2828 explicatur
804 2783 864 2829 qui
889 2784 935 2819 sit
959 2784 1094 2819 factum
1118 2785 1160 2818 ut
1182 2794 1275 2819 vers.
1302 2783 1373 2819 820
1405 2782 1539 2828 legatur
1574 2782 1678 2818 etiam
1711 2784 1788 2828 post
1811 2781 1898 2818 803:
1931 2781 1967 2817 in

272 2842 431 2887 margine
455 2842 524 2877 duo
548 2841 599 2876 illi
623 2842 791 2888 adscripti
817 2844 854 2878 et
889 2842 960 2878 huc
996 2842 1170 2888 irrepsere
1208 2844 1245 2878 et
1282 2841 1375 2878 illuc.
1424 2845 1543 2878 cetera
1578 2844 1674 2877 recte
1710 2840 1970 2878 administravit

274 2900 436 2936 Grossius
455 2900 720 2946 (Stichomythie
739 2912 773 2946 p.
796 2901 839 2937 19
851 2911 860 2947 3
886 2902 923 2937 at
942 2901 1076 2936 Bruhni
1092 2901 1303 2937 sententiam
1327 2912 1451 2946 parum
1477 2901 1659 2946 diligenter
1682 2900 1820 2936 rettulit
1842 2911 1877 2945 p.
1896 2900 1972 2943 21.)
