<?xml version="1.0" encoding="UTF-8"?>
<!DOCTYPE html PUBLIC "-//W3C//DTD XHTML 1.0 Transitional//EN"
    "http://www.w3.org/TR/xhtml1/DTD/xhtml1-transitional.dtd">
<html xmlns="http://www.w3.org/1999/xhtml" xml:lang="en" lang="en">
 <head>
  <title>
</title>
<meta http-equiv="Content-Type" content="text/html;charset=utf-8" />
  <meta name='ocr-system' content='tesseract 3.04.00' />
  <meta name='ocr-capabilities' content='ocr_page ocr_carea ocr_par ocr_line ocrx_word'/>
</head>
<body>
  <div class='ocr_page' id='page_1' title='image "./deformastasimi00kranuoft_0056.png"; bbox 0 0 2210 3340; ppageno 0'>
   <div class='ocr_carea' id='block_1_1' title="bbox 987 236 1279 278">
    <p class='ocr_par' dir='ltr' id='par_1_1' title="bbox 987 236 1279 278">
     <span class='ocr_line' id='line_1_1' title="bbox 987 236 1279 278; baseline -0.003 -12"><span class='ocrx_word' id='word_1_1' title='bbox 987 236 1279 278; x_wconf 49' lang='lat'>„54-</span> 
     </span>
    </p>
   </div>
   <div class='ocr_carea' id='block_1_2' title="bbox 286 355 1983 1047">
    <p class='ocr_par' dir='ltr' id='par_1_2' title="bbox 286 355 1982 536">
     <span class='ocr_line' id='line_1_2' title="bbox 428 355 1982 410; baseline 0.001 -16"><span class='ocrx_word' id='word_1_2' title='bbox 428 356 502 394; x_wconf 88' lang='lat' dir='ltr'>hoc</span> <span class='ocrx_word' id='word_1_3' title='bbox 531 356 580 394; x_wconf 91' lang='lat' dir='ltr'>de</span> <span class='ocrx_word' id='word_1_4' title='bbox 611 355 736 410; x_wconf 62' lang='lat' dir='ltr'>Hom.</span> <span class='ocrx_word' id='word_1_5' title='bbox 768 356 898 394; x_wconf 82' lang='lat' dir='ltr'>fabula</span> <span class='ocrx_word' id='word_1_6' title='bbox 928 359 1059 395; x_wconf 87' lang='lat' dir='ltr'>notato</span> <span class='ocrx_word' id='word_1_7' title='bbox 1090 356 1194 407; x_wconf 91' lang='lat' dir='ltr'>quod</span> <span class='ocrx_word' id='word_1_8' title='bbox 1234 368 1351 407; x_wconf 90' lang='lat' dir='ltr'>quam</span> <span class='ocrx_word' id='word_1_9' title='bbox 1381 368 1500 406; x_wconf 87' lang='lat' dir='ltr'>grave</span> <span class='ocrx_word' id='word_1_10' title='bbox 1530 356 1581 394; x_wconf 86' lang='lat' dir='ltr'>sit</span> <span class='ocrx_word' id='word_1_11' title='bbox 1611 357 1683 395; x_wconf 87' lang='lat' dir='ltr'>hac</span> <span class='ocrx_word' id='word_1_12' title='bbox 1714 356 1982 396; x_wconf 72' lang='lat' dir='ltr'><strong>dissertatione</strong></span> 
     </span>
     <span class='ocr_line' id='line_1_3' title="bbox 287 426 1982 476; baseline 0.001 -12"><span class='ocrx_word' id='word_1_13' title='bbox 287 426 430 476; x_wconf 86' lang='lat' dir='ltr'>exponi</span> <span class='ocrx_word' id='word_1_14' title='bbox 460 426 631 464; x_wconf 84' lang='lat' dir='ltr'>nondum</span> <span class='ocrx_word' id='word_1_15' title='bbox 662 429 803 476; x_wconf 88' lang='lat' dir='ltr'>potest,</span> <span class='ocrx_word' id='word_1_16' title='bbox 834 426 883 465; x_wconf 87' lang='lat' dir='ltr'>ad</span> <span class='ocrx_word' id='word_1_17' title='bbox 914 426 1029 465; x_wconf 86' lang='lat' dir='ltr'>aliam</span> <span class='ocrx_word' id='word_1_18' title='bbox 1060 427 1272 466; x_wconf 81' lang='lat' dir='ltr'>transimus</span> <span class='ocrx_word' id='word_1_19' title='bbox 1303 427 1414 465; x_wconf 90' lang='lat' dir='ltr'>cuius</span> <span class='ocrx_word' id='word_1_20' title='bbox 1445 439 1522 465; x_wconf 92' lang='lat' dir='ltr'>non</span> <span class='ocrx_word' id='word_1_21' title='bbox 1559 427 1688 465; x_wconf 91' lang='lat' dir='ltr'>minus</span> <span class='ocrx_word' id='word_1_22' title='bbox 1724 427 1887 466; x_wconf 88' lang='lat' dir='ltr'>interest</span> <span class='ocrx_word' id='word_1_23' title='bbox 1916 427 1982 466; x_wconf 89' lang='lat' dir='ltr'>de-</span> 
     </span>
     <span class='ocr_line' id='line_1_4' title="bbox 286 497 582 536; baseline 0 -1"><span class='ocrx_word' id='word_1_24' title='bbox 286 497 398 536; x_wconf 89' lang='lat' dir='ltr'>finire</span> <span class='ocrx_word' id='word_1_25' title='bbox 427 509 582 536; x_wconf 91' lang='lat' dir='ltr'>annum.</span> 
     </span>
    </p>

    <p class='ocr_par' dir='ltr' id='par_1_3' title="bbox 286 566 1983 1047">
     <span class='ocr_line' id='line_1_5' title="bbox 430 566 1982 619; baseline 0.001 -13"><span class='ocrx_word' id='word_1_26' title='bbox 430 566 525 607; x_wconf 87' lang='lat' dir='ltr'>Oed.</span> <span class='ocrx_word' id='word_1_27' title='bbox 556 568 675 618; x_wconf 87' lang='lat' dir='ltr'>Regis</span> <span class='ocrx_word' id='word_1_28' title='bbox 705 568 836 607; x_wconf 76' lang='lat' dir='ltr'>fabula</span> <span class='ocrx_word' id='word_1_29' title='bbox 865 568 1019 619; x_wconf 88' lang='lat' dir='ltr'>quando</span> <span class='ocrx_word' id='word_1_30' title='bbox 1049 571 1135 607; x_wconf 87' lang='lat' dir='ltr'>acta</span> <span class='ocrx_word' id='word_1_31' title='bbox 1164 566 1253 610; x_wconf 81' lang='lat' dir='ltr'>est?</span> <span class='ocrx_word' id='word_1_32' title='bbox 1314 580 1407 607; x_wconf 87' lang='lat' dir='ltr'>sane</span> <span class='ocrx_word' id='word_1_33' title='bbox 1444 568 1628 607; x_wconf 89' lang='lat' dir='ltr'>audacius</span> <span class='ocrx_word' id='word_1_34' title='bbox 1667 571 1727 607; x_wconf 90' lang='lat' dir='ltr'>est</span> <span class='ocrx_word' id='word_1_35' title='bbox 1756 568 1848 607; x_wconf 90' lang='lat' dir='ltr'>inde</span> <span class='ocrx_word' id='word_1_36' title='bbox 1879 567 1982 619; x_wconf 88' lang='lat' dir='ltr'>quod</span> 
     </span>
     <span class='ocr_line' id='line_1_6' title="bbox 288 634 1982 690; baseline 0.001 -14"><span class='ocrx_word' id='word_1_37' title='bbox 288 638 457 688; x_wconf 90' lang='lat' dir='ltr'>parodus</span> <span class='ocrx_word' id='word_1_38' title='bbox 487 640 706 690; x_wconf 83' lang='lat' dir='ltr'>anapaestis</span> <span class='ocrx_word' id='word_1_39' title='bbox 738 639 801 678; x_wconf 88' lang='lat' dir='ltr'>vel</span> <span class='ocrx_word' id='word_1_40' title='bbox 838 641 927 677; x_wconf 86' lang='lat' dir='ltr'>ante</span> <span class='ocrx_word' id='word_1_41' title='bbox 957 639 1019 677; x_wconf 79' lang='lat' dir='ltr'>vel</span> <span class='ocrx_word' id='word_1_42' title='bbox 1059 639 1159 678; x_wconf 87' lang='lat' dir='ltr'>intra</span> <span class='ocrx_word' id='word_1_43' title='bbox 1199 634 1354 678; x_wconf 85' lang='lat' dir='ltr'>carmen</span> <span class='ocrx_word' id='word_1_44' title='bbox 1393 639 1589 678; x_wconf 85' lang='lat' dir='ltr'>collocatis</span> <span class='ocrx_word' id='word_1_45' title='bbox 1631 643 1759 679; x_wconf 87' lang='lat' dir='ltr'>careat</span> <span class='ocrx_word' id='word_1_46' title='bbox 1800 639 1982 690; x_wconf 80' lang='lat' dir='ltr'>colligere</span> 
     </span>
     <span class='ocr_line' id='line_1_7' title="bbox 287 708 1981 761; baseline 0.002 -14"><span class='ocrx_word' id='word_1_47' title='bbox 287 711 414 748; x_wconf 88' lang='lat' dir='ltr'>actam</span> <span class='ocrx_word' id='word_1_48' title='bbox 446 721 529 748; x_wconf 87' lang='lat' dir='ltr'>eam</span> <span class='ocrx_word' id='word_1_49' title='bbox 570 721 656 748; x_wconf 90' lang='lat' dir='ltr'>esse</span> <span class='ocrx_word' id='word_1_50' title='bbox 692 713 780 760; x_wconf 87' lang='lat' dir='ltr'>post</span> <span class='ocrx_word' id='word_1_51' title='bbox 810 708 874 750; x_wconf 92' lang='lat' dir='ltr'>Ai.</span> <span class='ocrx_word' id='word_1_52' title='bbox 906 710 1034 759; x_wconf 86' lang='lat' dir='ltr'>Antg.,</span> <span class='ocrx_word' id='word_1_53' title='bbox 1078 710 1272 760; x_wconf 82' lang='lat' dir='ltr'>siquidem</span> <span class='ocrx_word' id='word_1_54' title='bbox 1303 711 1380 748; x_wconf 83' lang='lat' dir='ltr'>iam</span> <span class='ocrx_word' id='word_1_55' title='bbox 1413 709 1581 760; x_wconf 81' lang='lat' dir='ltr'>Choeph.</span> <span class='ocrx_word' id='word_1_56' title='bbox 1626 723 1649 749; x_wconf 87' lang='lat' dir='ltr'>a</span> <span class='ocrx_word' id='word_1_57' title='bbox 1690 710 1849 761; x_wconf 87' lang='lat' dir='ltr'>prologo</span> <span class='ocrx_word' id='word_1_58' title='bbox 1891 722 1981 750; x_wconf 85' lang='lat' dir='ltr'>ana-</span> 
     </span>
     <span class='ocr_line' id='line_1_8' title="bbox 286 780 1983 832; baseline 0.001 -14"><span class='ocrx_word' id='word_1_59' title='bbox 286 780 470 830; x_wconf 85' lang='lat' dir='ltr'>paestico,</span> <span class='ocrx_word' id='word_1_60' title='bbox 498 780 577 819; x_wconf 86' lang='lat' dir='ltr'>iam</span> <span class='ocrx_word' id='word_1_61' title='bbox 611 780 717 831; x_wconf 86' lang='lat' dir='ltr'>Sept.</span> <span class='ocrx_word' id='word_1_62' title='bbox 754 781 802 819; x_wconf 88' lang='lat' dir='ltr'>ab</span> <span class='ocrx_word' id='word_1_63' title='bbox 842 781 1061 831; x_wconf 82' lang='lat' dir='ltr'>anapaestis</span> <span class='ocrx_word' id='word_1_64' title='bbox 1102 781 1266 819; x_wconf 86' lang='lat' dir='ltr'>nudatas</span> <span class='ocrx_word' id='word_1_65' title='bbox 1306 781 1475 819; x_wconf 90' lang='lat' dir='ltr'>vidimus</span> <span class='ocrx_word' id='word_1_66' title='bbox 1517 781 1691 831; x_wconf 85' lang='lat' dir='ltr'>parodos.</span> <span class='ocrx_word' id='word_1_67' title='bbox 1752 781 1826 820; x_wconf 89' lang='lat' dir='ltr'>hoc</span> <span class='ocrx_word' id='word_1_68' title='bbox 1862 781 1983 832; x_wconf 86' lang='lat' dir='ltr'>igitur</span> 
     </span>
     <span class='ocr_line' id='line_1_9' title="bbox 286 850 1982 902; baseline 0.001 -13"><span class='ocrx_word' id='word_1_69' title='bbox 286 851 371 890; x_wconf 92' lang='lat' dir='ltr'>loco</span> <span class='ocrx_word' id='word_1_70' title='bbox 401 850 542 890; x_wconf 86' lang='lat' dir='ltr'>iterum</span> <span class='ocrx_word' id='word_1_71' title='bbox 574 854 751 890; x_wconf 88' lang='lat' dir='ltr'>notamus</span> <span class='ocrx_word' id='word_1_72' title='bbox 782 855 932 901; x_wconf 86' lang='lat' dir='ltr'>tantum</span> <span class='ocrx_word' id='word_1_73' title='bbox 965 850 1007 890; x_wconf 91' lang='lat' dir='ltr'>O.</span> <span class='ocrx_word' id='word_1_74' title='bbox 1034 851 1078 890; x_wconf 89' lang='lat' dir='ltr'>R.</span> <span class='ocrx_word' id='word_1_75' title='bbox 1111 852 1272 890; x_wconf 85' lang='lat' dir='ltr'>formam</span> <span class='ocrx_word' id='word_1_76' title='bbox 1304 851 1439 902; x_wconf 87' lang='lat' dir='ltr'>parodi</span> <span class='ocrx_word' id='word_1_77' title='bbox 1469 851 1711 890; x_wconf 86' lang='lat' dir='ltr'>differentem</span> <span class='ocrx_word' id='word_1_78' title='bbox 1740 853 1788 891; x_wconf 90' lang='lat' dir='ltr'>ab</span> <span class='ocrx_word' id='word_1_79' title='bbox 1825 852 1982 892; x_wconf 85' lang='lat' dir='ltr'>illarum</span> 
     </span>
     <span class='ocr_line' id='line_1_10' title="bbox 288 921 1981 974; baseline 0.002 -14"><span class='ocrx_word' id='word_1_80' title='bbox 288 933 372 960; x_wconf 89' lang='lat' dir='ltr'>eam</span> <span class='ocrx_word' id='word_1_81' title='bbox 404 933 491 961; x_wconf 90' lang='lat' dir='ltr'>esse</span> <span class='ocrx_word' id='word_1_82' title='bbox 521 934 620 973; x_wconf 90' lang='lat' dir='ltr'>quae</span> <span class='ocrx_word' id='word_1_83' title='bbox 651 923 818 972; x_wconf 86' lang='lat' dir='ltr'>(praeter</span> <span class='ocrx_word' id='word_1_84' title='bbox 848 922 968 963; x_wconf 87' lang='lat' dir='ltr'><strong>Andr.</strong></span> <span class='ocrx_word' id='word_1_85' title='bbox 1001 922 1176 971; x_wconf 87' lang='lat' dir='ltr'>Phaeth.)</span> <span class='ocrx_word' id='word_1_86' title='bbox 1209 922 1427 961; x_wconf 88' lang='lat' dir='ltr'>inveniatur</span> <span class='ocrx_word' id='word_1_87' title='bbox 1458 922 1498 960; x_wconf 91' lang='lat' dir='ltr'>in</span> <span class='ocrx_word' id='word_1_88' title='bbox 1529 922 1664 962; x_wconf 84' lang='lat' dir='ltr'>Trach.</span> <span class='ocrx_word' id='word_1_89' title='bbox 1696 923 1812 974; x_wconf 90' lang='lat' dir='ltr'>Hipp.</span> <span class='ocrx_word' id='word_1_90' title='bbox 1845 921 1981 974; x_wconf 86' lang='lat' dir='ltr'>Suppl.</span> 
     </span>
     <span class='ocr_line' id='line_1_11' title="bbox 287 990 1897 1047; baseline 0.001 -16"><span class='ocrx_word' id='word_1_91' title='bbox 287 992 400 1032; x_wconf 90' lang='lat' dir='ltr'>Herc.</span> <span class='ocrx_word' id='word_1_92' title='bbox 434 993 592 1045; x_wconf 82' lang='lat' dir='ltr'>(Phoen.</span> <span class='ocrx_word' id='word_1_93' title='bbox 628 993 766 1032; x_wconf 77' lang='lat' dir='ltr'>Bacch,</span> <span class='ocrx_word' id='word_1_94' title='bbox 799 993 885 1043; x_wconf 87' lang='lat' dir='ltr'>Iph.</span> <span class='ocrx_word' id='word_1_95' title='bbox 905 993 964 1043; x_wconf 90' lang='lat' dir='ltr'>A).</span> <span class='ocrx_word' id='word_1_96' title='bbox 978 990 1012 1047; x_wconf 87' lang='lat'>1)</span> <span class='ocrx_word' id='word_1_97' title='bbox 1895 1004 1897 1007; x_wconf 83' lang='grc'><strong>’</strong></span> 
     </span>
    </p>
   </div>
   <div class='ocr_carea' id='block_1_3' title="bbox 281 1193 1982 1659">
    <p class='ocr_par' dir='ltr' id='par_1_4' title="bbox 281 1193 1982 1456">
     <span class='ocr_line' id='line_1_12' title="bbox 425 1193 1982 1245; baseline 0.001 -14"><span class='ocrx_word' id='word_1_98' title='bbox 425 1193 591 1232; x_wconf 82' lang='lat' dir='ltr'>assecuti</span> <span class='ocrx_word' id='word_1_99' title='bbox 613 1205 750 1232; x_wconf 88' lang='lat' dir='ltr'>sumus</span> <span class='ocrx_word' id='word_1_100' title='bbox 771 1194 877 1232; x_wconf 87' lang='lat' dir='ltr'>haec.</span> <span class='ocrx_word' id='word_1_101' title='bbox 900 1194 1146 1233; x_wconf 87' lang='lat' dir='ltr'>stasimorum</span> <span class='ocrx_word' id='word_1_102' title='bbox 1159 1194 1338 1245; x_wconf 88' lang='lat' dir='ltr'>prologos</span> <span class='ocrx_word' id='word_1_103' title='bbox 1357 1194 1625 1244; x_wconf 83' lang='lat' dir='ltr'>anapaesticos</span> <span class='ocrx_word' id='word_1_104' title='bbox 1645 1206 1743 1245; x_wconf 90' lang='lat' dir='ltr'>quos</span> <span class='ocrx_word' id='word_1_105' title='bbox 1761 1193 1982 1244; x_wconf 81' lang='lat' dir='ltr'>Aeschylus</span> 
     </span>
     <span class='ocr_line' id='line_1_13' title="bbox 286 1263 1981 1317; baseline 0.001 -16"><span class='ocrx_word' id='word_1_106' title='bbox 286 1263 390 1302; x_wconf 87' lang='lat' dir='ltr'>haud</span> <span class='ocrx_word' id='word_1_107' title='bbox 440 1276 526 1302; x_wconf 89' lang='lat' dir='ltr'>raro</span> <span class='ocrx_word' id='word_1_108' title='bbox 577 1264 796 1314; x_wconf 82' lang='lat' dir='ltr'>composuit</span> <span class='ocrx_word' id='word_1_109' title='bbox 844 1264 1014 1304; x_wconf 88' lang='lat' dir='ltr'>minores</span> <span class='ocrx_word' id='word_1_110' title='bbox 1062 1268 1200 1315; x_wconf 87' lang='lat' dir='ltr'>poetae</span> <span class='ocrx_word' id='word_1_111' title='bbox 1249 1277 1460 1316; x_wconf 88' lang='lat' dir='ltr'>numquam</span> <span class='ocrx_word' id='word_1_112' title='bbox 1511 1265 1784 1317; x_wconf 85' lang='lat' dir='ltr'>adhibuerunt,</span> <span class='ocrx_word' id='word_1_113' title='bbox 1825 1265 1981 1316; x_wconf 86' lang='lat' dir='ltr'>parodis</span> 
     </span>
     <span class='ocr_line' id='line_1_14' title="bbox 287 1334 1982 1386; baseline 0.001 -13"><span class='ocrx_word' id='word_1_114' title='bbox 287 1334 459 1385; x_wconf 83' lang='lat' dir='ltr'>priorum</span> <span class='ocrx_word' id='word_1_115' title='bbox 489 1335 707 1374; x_wconf 87' lang='lat' dir='ltr'>fabularum</span> <span class='ocrx_word' id='word_1_116' title='bbox 739 1336 904 1374; x_wconf 83' lang='lat' dir='ltr'>subinde</span> <span class='ocrx_word' id='word_1_117' title='bbox 934 1336 1230 1386; x_wconf 85' lang='lat' dir='ltr'>praemiserunt,</span> <span class='ocrx_word' id='word_1_118' title='bbox 1271 1348 1362 1375; x_wconf 86' lang='lat' dir='ltr'>mox</span> <span class='ocrx_word' id='word_1_119' title='bbox 1393 1336 1499 1374; x_wconf 90' lang='lat' dir='ltr'>vario</span> <span class='ocrx_word' id='word_1_120' title='bbox 1530 1336 1642 1375; x_wconf 89' lang='lat' dir='ltr'>modo</span> <span class='ocrx_word' id='word_1_121' title='bbox 1681 1348 1770 1375; x_wconf 90' lang='lat' dir='ltr'>cum</span> <span class='ocrx_word' id='word_1_122' title='bbox 1810 1336 1982 1375; x_wconf 82' lang='lat' dir='ltr'>carmine</span> 
     </span>
     <span class='ocr_line' id='line_1_15' title="bbox 281 1405 1179 1456; baseline 0.003 -13"><span class='ocrx_word' id='word_1_123' title='bbox 281 1405 368 1456; x_wconf 89' lang='lat' dir='ltr'>ipso</span> <span class='ocrx_word' id='word_1_124' title='bbox 399 1406 686 1445; x_wconf 89' lang='lat' dir='ltr'>coniunxerunt</span> <span class='ocrx_word' id='word_1_125' title='bbox 714 1407 779 1445; x_wconf 87' lang='lat' dir='ltr'>vel</span> <span class='ocrx_word' id='word_1_126' title='bbox 809 1407 925 1445; x_wconf 88' lang='lat' dir='ltr'>etiam</span> <span class='ocrx_word' id='word_1_127' title='bbox 954 1407 1179 1447; x_wconf 87' lang='lat' dir='ltr'>omiserunt.</span> 
     </span>
    </p>

    <p class='ocr_par' dir='ltr' id='par_1_5' title="bbox 284 1477 1981 1600">
     <span class='ocr_line' id='line_1_16' title="bbox 425 1477 1981 1529; baseline 0.001 -14"><span class='ocrx_word' id='word_1_128' title='bbox 425 1477 504 1516; x_wconf 87' lang='lat' dir='ltr'>iam</span> <span class='ocrx_word' id='word_1_129' title='bbox 546 1489 638 1516; x_wconf 88' lang='lat' dir='ltr'>vero</span> <span class='ocrx_word' id='word_1_130' title='bbox 676 1477 878 1516; x_wconf 86' lang='lat' dir='ltr'>exsistunt</span> <span class='ocrx_word' id='word_1_131' title='bbox 908 1478 1158 1528; x_wconf 78' lang='lat' dir='ltr'>quaestiones</span> <span class='ocrx_word' id='word_1_132' title='bbox 1189 1478 1264 1517; x_wconf 88' lang='grc'><strong>1136</strong></span> <span class='ocrx_word' id='word_1_133' title='bbox 1303 1478 1556 1528; x_wconf 87' lang='lat' dir='ltr'>gravissimae</span> <span class='ocrx_word' id='word_1_134' title='bbox 1599 1489 1785 1529; x_wconf 88' lang='lat' dir='ltr'>quaenam</span> <span class='ocrx_word' id='word_1_135' title='bbox 1826 1477 1981 1517; x_wconf 87' lang='lat' dir='ltr'>intersit</span> 
     </span>
     <span class='ocr_line' id='line_1_17' title="bbox 284 1547 1980 1600; baseline 0.001 -14"><span class='ocrx_word' id='word_1_136' title='bbox 284 1547 381 1587; x_wconf 89' lang='lat' dir='ltr'>ratio</span> <span class='ocrx_word' id='word_1_137' title='bbox 401 1547 504 1587; x_wconf 86' lang='lat' dir='ltr'>inter</span> <span class='ocrx_word' id='word_1_138' title='bbox 523 1548 770 1599; x_wconf 89' lang='lat' dir='ltr'>prologorum</span> <span class='ocrx_word' id='word_1_139' title='bbox 790 1549 1083 1600; x_wconf 84' lang='lat' dir='ltr'>carminumque</span> <span class='ocrx_word' id='word_1_140' title='bbox 1105 1550 1316 1588; x_wconf 87' lang='lat' dir='ltr'>sententias</span> <span class='ocrx_word' id='word_1_141' title='bbox 1332 1561 1508 1600; x_wconf 86' lang='lat' dir='ltr'>quaeque</span> <span class='ocrx_word' id='word_1_142' title='bbox 1527 1550 1579 1588; x_wconf 90' lang='lat' dir='ltr'>sit</span> <span class='ocrx_word' id='word_1_143' title='bbox 1597 1549 1704 1599; x_wconf 89' lang='lat' dir='ltr'>origo</span> <span class='ocrx_word' id='word_1_144' title='bbox 1721 1549 1980 1599; x_wconf 89' lang='lat' dir='ltr'>prologorum.</span> 
     </span>
    </p>

    <p class='ocr_par' dir='ltr' id='par_1_6' title="bbox 425 1619 1081 1659">
     <span class='ocr_line' id='line_1_18' title="bbox 425 1619 1081 1659; baseline 0.003 -2"><span class='ocrx_word' id='word_1_145' title='bbox 425 1619 567 1658; x_wconf 91' lang='lat' dir='ltr'>iterum</span> <span class='ocrx_word' id='word_1_146' title='bbox 600 1619 774 1658; x_wconf 84' lang='lat' dir='ltr'>ordimur</span> <span class='ocrx_word' id='word_1_147' title='bbox 803 1632 826 1659; x_wconf 91' lang='lat' dir='ltr'>a</span> <span class='ocrx_word' id='word_1_148' title='bbox 857 1620 1081 1659; x_wconf 87' lang='lat' dir='ltr'>stasimis.</span> 
     </span>
    </p>
   </div>
   <div class='ocr_carea' id='block_1_4' title="bbox 283 1749 1980 2083">
    <p class='ocr_par' dir='ltr' id='par_1_7' title="bbox 283 1749 1980 2083">
     <span class='ocr_line' id='line_1_19' title="bbox 424 1749 1980 1800; baseline 0 -12"><span class='ocrx_word' id='word_1_149' title='bbox 424 1761 496 1799; x_wconf 89' lang='lat' dir='ltr'>pro</span> <span class='ocrx_word' id='word_1_150' title='bbox 526 1749 698 1800; x_wconf 84' lang='lat' dir='ltr'>prologis</span> <span class='ocrx_word' id='word_1_151' title='bbox 729 1749 968 1788; x_wconf 88' lang='lat' dir='ltr'>choricorum</span> <span class='ocrx_word' id='word_1_152' title='bbox 1009 1753 1240 1800; x_wconf 87' lang='lat' dir='ltr'>anapaestos</span> <span class='ocrx_word' id='word_1_153' title='bbox 1276 1751 1409 1790; x_wconf 89' lang='lat' dir='ltr'>haberi</span> <span class='ocrx_word' id='word_1_154' title='bbox 1449 1750 1619 1789; x_wconf 87' lang='lat' dir='ltr'>voluisse</span> <span class='ocrx_word' id='word_1_155' title='bbox 1649 1749 1891 1799; x_wconf 84' lang='lat' dir='ltr'>Aeschylum</span> <span class='ocrx_word' id='word_1_156' title='bbox 1929 1761 1980 1789; x_wconf 82' lang='lat' dir='ltr'>ex</span> 
     </span>
     <span class='ocr_line' id='line_1_20' title="bbox 283 1818 1977 1873; baseline 0.001 -15"><span class='ocrx_word' id='word_1_157' title='bbox 283 1820 487 1859; x_wconf 84' lang='lat' dir='ltr'>sententiis</span> <span class='ocrx_word' id='word_1_158' title='bbox 518 1820 758 1870; x_wconf 88' lang='lat' dir='ltr'>intellegitur</span> <span class='ocrx_word' id='word_1_159' title='bbox 788 1833 886 1871; x_wconf 89' lang='lat' dir='ltr'>quas</span> <span class='ocrx_word' id='word_1_160' title='bbox 915 1821 972 1860; x_wconf 91' lang='lat' dir='ltr'>eis</span> <span class='ocrx_word' id='word_1_161' title='bbox 990 1821 1171 1860; x_wconf 82' lang='lat' dir='ltr'>iniunxit.</span> <span class='ocrx_word' id='word_1_162' title='bbox 1233 1822 1432 1860; x_wconf 90' lang='lat' dir='ltr'>continent</span> <span class='ocrx_word' id='word_1_163' title='bbox 1452 1821 1557 1860; x_wconf 91' lang='lat' dir='ltr'>enim</span> <span class='ocrx_word' id='word_1_164' title='bbox 1576 1821 1659 1860; x_wconf 83' lang='lat' dir='ltr'>fere</span> <span class='ocrx_word' id='word_1_165' title='bbox 1680 1820 1754 1873; x_wconf 89' lang='lat' dir='ltr'>(uti</span> <span class='ocrx_word' id='word_1_166' title='bbox 1774 1818 1977 1872; x_wconf 85' lang='lat' dir='ltr'>diximus):</span> 
     </span>
     <span class='ocr_line' id='line_1_21' title="bbox 430 1891 1980 1943; baseline 0.001 -14"><span class='ocrx_word' id='word_1_167' title='bbox 430 1893 465 1929; x_wconf 90' lang='lat'>1.</span> <span class='ocrx_word' id='word_1_168' title='bbox 497 1892 707 1942; x_wconf 83' lang='lat' dir='ltr'>coryphaei</span> <span class='ocrx_word' id='word_1_169' title='bbox 758 1892 918 1930; x_wconf 88' lang='lat' dir='ltr'>verbum</span> <span class='ocrx_word' id='word_1_170' title='bbox 967 1892 1016 1930; x_wconf 89' lang='lat' dir='ltr'>ad</span> <span class='ocrx_word' id='word_1_171' title='bbox 1056 1893 1185 1943; x_wconf 90' lang='lat' dir='ltr'>ipsum</span> <span class='ocrx_word' id='word_1_172' title='bbox 1237 1896 1396 1931; x_wconf 89' lang='lat' dir='ltr'>cantum</span> <span class='ocrx_word' id='word_1_173' title='bbox 1437 1892 1696 1931; x_wconf 89' lang='lat' dir='ltr'>inchoandum</span> <span class='ocrx_word' id='word_1_174' title='bbox 1738 1891 1980 1931; x_wconf 78' lang='lat' dir='ltr'>exhortantis</span> 
     </span>
     <span class='ocr_line' id='line_1_22' title="bbox 492 1963 712 2001; baseline 0 0"><span class='ocrx_word' id='word_1_175' title='bbox 492 1963 712 2001; x_wconf 82' lang='lat' dir='ltr'>choreutas.</span> 
     </span>
     <span class='ocr_line' id='line_1_23' title="bbox 427 2033 1253 2083; baseline 0.002 -12"><span class='ocrx_word' id='word_1_176' title='bbox 427 2033 464 2072; x_wconf 86' lang='lat'>2.</span> <span class='ocrx_word' id='word_1_177' title='bbox 495 2034 714 2083; x_wconf 87' lang='lat' dir='ltr'>argumenti</span> <span class='ocrx_word' id='word_1_178' title='bbox 745 2034 889 2073; x_wconf 76' lang='lat' dir='ltr'>chorici</span> <span class='ocrx_word' id='word_1_179' title='bbox 919 2035 1253 2073; x_wconf 87' lang='lat' dir='ltr'>renuntiationem.</span> 
     </span>
    </p>
   </div>
   <div class='ocr_carea' id='block_1_5' title="bbox 498 2116 1927 2794">
    <p class='ocr_par' dir='ltr' id='par_1_8' title="bbox 498 2116 1672 2250">
     <span class='ocr_line' id='line_1_24' title="bbox 498 2116 1634 2167; baseline 0 -13"><span class='ocrx_word' id='word_1_180' title='bbox 498 2118 534 2155; x_wconf 90' lang='lat'>1.</span> <span class='ocrx_word' id='word_1_181' title='bbox 566 2116 918 2155; x_wconf 85' lang='lat' dir='ltr'>adhortationis</span> <span class='ocrx_word' id='word_1_182' title='bbox 949 2117 1067 2155; x_wconf 89' lang='lat' dir='ltr'>duae</span> <span class='ocrx_word' id='word_1_183' title='bbox 1097 2117 1411 2167; x_wconf 90' lang='lat' dir='ltr'>reperiuntur</span> <span class='ocrx_word' id='word_1_184' title='bbox 1441 2117 1634 2155; x_wconf 81' lang='lat' dir='ltr'>formae:</span> 
     </span>
     <span class='ocr_line' id='line_1_25' title="bbox 564 2194 1672 2250; baseline 0 -13"><span class='ocrx_word' id='word_1_185' title='bbox 564 2201 600 2248; x_wconf 86' lang='lat' dir='ltr'>a)</span> <span class='ocrx_word' id='word_1_186' title='bbox 633 2199 770 2250; x_wconf 87' lang='lat' dir='ltr'>Suppl.</span> <span class='ocrx_word' id='word_1_187' title='bbox 805 2200 886 2239; x_wconf 87' lang='grc'>625</span> <span class='ocrx_word' id='word_1_188' title='bbox 928 2194 1014 2248; x_wconf 77' lang='grc' dir='ltr'>ἄγε</span> <span class='ocrx_word' id='word_1_189' title='bbox 1051 2196 1105 2250; x_wconf 77' lang='grc' dir='ltr'>δὴ</span> <span class='ocrx_word' id='word_1_190' title='bbox 1145 2199 1363 2249; x_wconf 79' lang='grc' dir='ltr'><em>λέξωμεν</em></span> <span class='ocrx_word' id='word_1_191' title='bbox 1400 2195 1463 2238; x_wconf 77' lang='grc' dir='ltr'>ἐπ’</span> <span class='ocrx_word' id='word_1_192' title='bbox 1486 2195 1672 2250; x_wconf 77' lang='grc' dir='ltr'><em>Ἀργείοις</em></span> 
     </span>
    </p>

    <p class='ocr_par' dir='ltr' id='par_1_9' title="bbox 924 2262 1392 2320">
     <span class='ocr_line' id='line_1_26' title="bbox 924 2262 1392 2320; baseline 0.002 -11"><span class='ocrx_word' id='word_1_193' title='bbox 924 2266 1046 2320; x_wconf 81' lang='grc' dir='ltr'><em>εὐχὰς</em></span> <span class='ocrx_word' id='word_1_194' title='bbox 1079 2265 1318 2320; x_wconf 76' lang='grc' dir='ltr'><em>ἀγαθάς...</em></span> <span class='ocrx_word' id='word_1_195' title='bbox 1373 2262 1392 2277; x_wconf 51' lang='grc'>’“</span> 
     </span>
    </p>

    <p class='ocr_par' dir='ltr' id='par_1_10' title="bbox 635 2359 1927 2486">
     <span class='ocr_line' id='line_1_27' title="bbox 635 2359 1731 2423; baseline 0 -21"><span class='ocrx_word' id='word_1_196' title='bbox 635 2364 749 2404; x_wconf 83' lang='lat' dir='ltr'>Eum.</span> <span class='ocrx_word' id='word_1_197' title='bbox 782 2365 882 2423; x_wconf 42' lang='grc' dir='ltr'>307μ</span> <span class='ocrx_word' id='word_1_198' title='bbox 921 2359 1008 2414; x_wconf 74' lang='grc' dir='ltr'>ἄγε</span> <span class='ocrx_word' id='word_1_199' title='bbox 1039 2361 1094 2415; x_wconf 74' lang='grc' dir='ltr'>δὴ</span> <span class='ocrx_word' id='word_1_200' title='bbox 1128 2366 1197 2404; x_wconf 83' lang='grc' dir='ltr'>καὶ</span> <span class='ocrx_word' id='word_1_201' title='bbox 1227 2359 1359 2414; x_wconf 80' lang='grc' dir='ltr'><em>χόοον</em></span> <span class='ocrx_word' id='word_1_202' title='bbox 1389 2359 1613 2413; x_wconf 76' lang='grc' dir='ltr'><em>ἅψωμεν,</em></span> <span class='ocrx_word' id='word_1_203' title='bbox 1646 2363 1731 2402; x_wconf 80' lang='grc' dir='ltr'><em>ἐπεὶ</em></span> 
     </span>
     <span class='ocr_line' id='line_1_28' title="bbox 918 2430 1927 2486; baseline -0.002 -11"><span class='ocrx_word' id='word_1_204' title='bbox 918 2440 1085 2484; x_wconf 83' lang='grc' dir='ltr'><em>μοῦσαν</em></span> <span class='ocrx_word' id='word_1_205' title='bbox 1119 2433 1322 2486; x_wconf 56' lang='grc' dir='ltr'><em>στυρερὰν</em></span> <span class='ocrx_word' id='word_1_206' title='bbox 1355 2433 1664 2484; x_wconf 81' lang='grc' dir='ltr'><em>ἀποφαίνεσθαι</em></span> <span class='ocrx_word' id='word_1_207' title='bbox 1696 2430 1927 2484; x_wconf 78' lang='grc' dir='ltr'><em>δεδόκηκεν.</em></span> 
     </span>
    </p>

    <p class='ocr_par' dir='ltr' id='par_1_11' title="bbox 636 2530 1613 2794">
     <span class='ocr_line' id='line_1_29' title="bbox 636 2530 1003 2581; baseline 0.003 -13"><span class='ocrx_word' id='word_1_208' title='bbox 636 2531 684 2569; x_wconf 89' lang='lat' dir='ltr'>cf.</span> <span class='ocrx_word' id='word_1_209' title='bbox 716 2530 886 2581; x_wconf 90' lang='lat' dir='ltr'>Choeph.</span> <span class='ocrx_word' id='word_1_210' title='bbox 921 2532 1003 2569; x_wconf 85' lang='lat'>719</span> 
     </span>
     <span class='ocr_line' id='line_1_30' title="bbox 918 2598 1532 2650; baseline -0.003 -9"><span class='ocrx_word' id='word_1_211' title='bbox 918 2598 999 2641; x_wconf 66' lang='grc' dir='ltr'>εἶὲν</span> <span class='ocrx_word' id='word_1_212' title='bbox 1031 2604 1163 2650; x_wconf 81' lang='grc' dir='ltr'><em>φίλιαι</em></span> <span class='ocrx_word' id='word_1_213' title='bbox 1195 2601 1369 2649; x_wconf 77' lang='grc' dir='ltr'><em>δμωίδες</em></span> <span class='ocrx_word' id='word_1_214' title='bbox 1400 2600 1532 2640; x_wconf 84' lang='grc' dir='ltr'><em>οἴκων</em></span> 
     </span>
     <span class='ocr_line' id='line_1_31' title="bbox 918 2668 1384 2723; baseline -0.002 -11"><span class='ocrx_word' id='word_1_215' title='bbox 918 2668 1038 2712; x_wconf 84' lang='grc' dir='ltr'><em>πότε</em></span> <span class='ocrx_word' id='word_1_216' title='bbox 1072 2669 1126 2723; x_wconf 78' lang='grc' dir='ltr'>δὴ</span> <span class='ocrx_word' id='word_1_217' title='bbox 1163 2668 1384 2720; x_wconf 77' lang='grc' dir='ltr'><em>στομάτων</em></span> 
     </span>
     <span class='ocr_line' id='line_1_32' title="bbox 918 2736 1613 2794; baseline -0.003 -12"><span class='ocrx_word' id='word_1_218' title='bbox 918 2744 1145 2792; x_wconf 77' lang='grc' dir='ltr'><em>δείξομεν</em></span> <span class='ocrx_word' id='word_1_219' title='bbox 1177 2739 1298 2792; x_wconf 80' lang='grc' dir='ltr'><em>ἰσχὺν</em></span> <span class='ocrx_word' id='word_1_220' title='bbox 1328 2740 1392 2782; x_wconf 79' lang='grc' dir='ltr'>ἐπ’</span> <span class='ocrx_word' id='word_1_221' title='bbox 1416 2736 1613 2794; x_wconf 53' lang='grc' dir='ltr'><em>Ὀρέστης</em></span> 
     </span>
    </p>
   </div>
   <div class='ocr_carea' id='block_1_6' title="bbox 283 2829 565 2836">
    <p class='ocr_par' dir='ltr' id='par_1_12' title="bbox 283 2829 565 2836">
     <span class='ocr_line' id='line_1_33' title="bbox 283 2829 565 2836; baseline 0 504"><span class='ocrx_word' id='word_1_222' title='bbox 283 2829 565 2836; x_wconf 95' lang='lat' dir='ltr'> </span> 
     </span>
    </p>
   </div>
   <div class='ocr_carea' id='block_1_7' title="bbox 282 2867 1976 2975">
    <p class='ocr_par' dir='ltr' id='par_1_13' title="bbox 282 2867 1976 2975">
     <span class='ocr_line' id='line_1_34' title="bbox 422 2867 1976 2915; baseline -0.001 -11"><span class='ocrx_word' id='word_1_223' title='bbox 422 2867 452 2914; x_wconf 80' lang='grc'>1)</span> <span class='ocrx_word' id='word_1_224' title='bbox 478 2869 514 2904; x_wconf 84' lang='lat' dir='ltr'>at</span> <span class='ocrx_word' id='word_1_225' title='bbox 539 2879 618 2904; x_wconf 91' lang='lat' dir='ltr'>cum</span> <span class='ocrx_word' id='word_1_226' title='bbox 652 2870 695 2905; x_wconf 90' lang='lat' dir='ltr'>de</span> <span class='ocrx_word' id='word_1_227' title='bbox 732 2869 983 2914; x_wconf 84' lang='lat' dir='ltr'>compositione</span> <span class='ocrx_word' id='word_1_228' title='bbox 1019 2869 1244 2905; x_wconf 83' lang='lat' dir='ltr'>stasimorum</span> <span class='ocrx_word' id='word_1_229' title='bbox 1281 2869 1391 2905; x_wconf 84' lang='lat' dir='ltr'>acturi</span> <span class='ocrx_word' id='word_1_230' title='bbox 1427 2868 1547 2915; x_wconf 84' lang='lat' dir='ltr'>simus,</span> <span class='ocrx_word' id='word_1_231' title='bbox 1580 2868 1804 2906; x_wconf 87' lang='lat' dir='ltr'>ostendemus</span> <span class='ocrx_word' id='word_1_232' title='bbox 1840 2867 1976 2903; x_wconf 82' lang='lat' dir='ltr'>chorica</span> 
     </span>
     <span class='ocr_line' id='line_1_35' title="bbox 282 2925 1974 2975; baseline 0.002 -15"><span class='ocrx_word' id='word_1_233' title='bbox 282 2925 484 2962; x_wconf 87' lang='lat' dir='ltr'>Promethei</span> <span class='ocrx_word' id='word_1_234' title='bbox 509 2928 663 2974; x_wconf 88' lang='lat' dir='ltr'>(praeter</span> <span class='ocrx_word' id='word_1_235' title='bbox 687 2929 768 2965; x_wconf 84' lang='lat' dir='ltr'>stas.</span> <span class='ocrx_word' id='word_1_236' title='bbox 795 2928 879 2973; x_wconf 88' lang='grc'>399)</span> <span class='ocrx_word' id='word_1_237' title='bbox 905 2939 934 2964; x_wconf 89' lang='lat' dir='ltr'>c.</span> <span class='ocrx_word' id='word_1_238' title='bbox 952 2939 983 2964; x_wconf 84' lang='lat' dir='ltr'>a.</span> <span class='ocrx_word' id='word_1_239' title='bbox 1003 2929 1084 2975; x_wconf 87' lang='lat'>431,</span> <span class='ocrx_word' id='word_1_240' title='bbox 1111 2928 1150 2964; x_wconf 90' lang='lat' dir='ltr'>O.</span> <span class='ocrx_word' id='word_1_241' title='bbox 1177 2928 1217 2964; x_wconf 83' lang='lat' dir='ltr'>R.</span> <span class='ocrx_word' id='word_1_242' title='bbox 1243 2930 1323 2974; x_wconf 86' lang='lat' dir='ltr'>post</span> <span class='ocrx_word' id='word_1_243' title='bbox 1346 2939 1376 2964; x_wconf 86' lang='lat' dir='ltr'>a.</span> <span class='ocrx_word' id='word_1_244' title='bbox 1395 2929 1466 2965; x_wconf 88' lang='lat'>430</span> <span class='ocrx_word' id='word_1_245' title='bbox 1490 2929 1630 2965; x_wconf 85' lang='lat' dir='ltr'>condita</span> <span class='ocrx_word' id='word_1_246' title='bbox 1653 2939 1730 2964; x_wconf 88' lang='lat' dir='ltr'>esse</span> <span class='ocrx_word' id='word_1_247' title='bbox 1755 2927 1817 2973; x_wconf 82' lang='lat' dir='ltr'>(cf.</span> <span class='ocrx_word' id='word_1_248' title='bbox 1838 2937 1870 2971; x_wconf 92' lang='lat' dir='ltr'>p.</span> <span class='ocrx_word' id='word_1_249' title='bbox 1887 2925 1974 2972; x_wconf 81' lang='lat'>42²).</span> 
     </span>
    </p>
   </div>
  </div>
 </body>
</html>
