2190 3334
915 212 1204 254 -10-

212 328 376 366 alicuius
414 324 464 367 τὸ
497 329 671 379 σῶφρον
703 330 783 368 τοῦ
811 330 965 377 μέλους
995 332 1064 370 καὶ
1102 328 1160 370 τὸ
1193 329 1441 380 στάσιμον
1478 333 1571 373 τοῦ
1607 332 1808 385 ῥυθμοῦ
1840 335 1909 377 καὶ

214 395 263 438 τὸ
303 394 503 450 εὐπρεπὲς
541 398 618 450 τῆς
657 399 817 449 λέξεως.
879 402 980 440 hanc
1022 402 1142 452 igitur
1186 415 1272 442 esse
1303 404 1523 444 Aristotelis
1566 405 1797 446 sententiam
1838 419 1910 458 pro

213 473 319 508 certo
351 470 525 511 vendito:
558 471 760 509 stasimum
793 476 854 510 est
884 472 1095 521 choricum,
1127 485 1198 512 nec
1228 477 1357 513 tamen
1388 475 1553 526 quodvis
1579 476 1776 516 eboricum
1799 477 1908 516 stasi-

212 552 319 578 mum
357 540 588 590 ducendum,
629 542 699 580 sed
738 554 784 581 ea
822 546 972 582 tantum
1013 556 1112 594 quae
1150 544 1293 583 sedatis
1329 545 1512 585 incedant
1549 547 1733 598 numeris,
1771 548 1812 586 id
1849 553 1910 588 est

212 623 311 661 quae
342 615 498 651 careant
527 613 747 662 anapaestis
777 614 839 652 vel
869 614 1073 653 trochaeis.
1792 667 1795 669 -

354 683 410 721 sic
452 683 729 733 interpretatus
767 684 1006 723 Aristoteles.
1067 689 1185 736 atque
1227 698 1299 735 ego
1341 691 1486 726 rectam
1525 688 1609 727 eius
1651 693 1744 739 puto
1791 690 1909 729 inter-

212 753 478 802 pretationem.
540 754 643 804 quod
673 754 788 793 'enim
818 755 858 794 in
889 767 1133 794 communem
1164 769 1280 806 quam
1312 757 1447 796 dicunt
1476 758 1675 798 hominum
1706 760 1907 800 doctorum

211 824 431 874 opinionem
473 828 670 875 receptum
711 825 824 864 video
863 838 968 875 esse,
1013 827 1216 865 stasimum
1260 840 1348 866 esse
1388 829 1584 868 choricum
1621 830 1725 881 quod
1766 832 1908 872 chorus

210 898 342 934 cantet
378 897 477 934 ‘cum
516 896 566 934 ad
603 896 787 935 stationes
824 909 914 935 suas
950 896 1195 950 pervenerit⁷,
1226 898 1266 936 id
1303 899 1464 938 credere
1500 912 1577 938 non
1613 885 1787 951 possum,
1817 914 1907 942 cum

211 966 403 1016 quomodo
434 967 510 1005 hoc
541 965 713 1005 Graecus
753 967 867 1006 homo
908 968 1130 1018 significare
1172 970 1341 1019 potuerit
1379 971 1498 1009 verbo
1530 972 1690 1023 stasim,
1727 973 1908 1013 nesciam.

212 1049 288 1087 quo
330 1048 409 1076 non
457 1037 588 1086 utitur,
636 1038 712 1076 nisi
755 1042 799 1076 ut
839 1039 1051 1089 quietum
1096 1039 1243 1090 aliquid
1282 1052 1371 1079 esse
1410 1041 1592 1081 declaret.
1653 1042 1908 1094 Hippocrates

211 1108 316 1146 enim
352 1108 418 1158 qui
458 1109 608 1159 primus
651 1109 752 1148 hanc
793 1110 967 1148 adhibuit
1010 1123 1143 1149 vocem
1189 1108 1391 1160 στάσιμον
1420 1113 1598 1163 inprimis
1628 1118 1740 1153 vocat
1768 1127 1908 1166 aquam

211 1181 456 1228 stagnantem
487 1183 606 1230 atque
635 1180 785 1230 pigram
817 1180 866 1233 (e.
898 1194 934 1230 g.
967 1183 1060 1232 περὶ
1093 1178 1227 1233 ἀέρων
1258 1195 1341 1233 cap.
1378 1186 1399 1223 7
1433 1184 1476 1223 L.
1509 1187 1597 1223 τῶν
1627 1180 1799 1225 ὑδάτων
1830 1180 1910 1226 ὅσα

210 1250 285 1296 μέν
331 1248 442 1288 ἐστιν
491 1245 645 1290 ἓλώὸεα
695 1253 764 1291 καὶ
810 1248 987 1300 στάσιμα
1034 1255 1101 1292 καὶ
1147 1256 1314 1301 λιμναῖα
1350 1283 1362 1295 .
1389 1286 1396 1293 .
1427 1286 1435 1294 .
1479 1267 1560 1306 cap.
1603 1257 1655 1295 15
1707 1252 1732 1295 ὃ
1782 1257 1911 1304 Φᾶσις

213 1315 528 1369 στασιμώτατος
574 1317 749 1362 πάντων
796 1323 883 1362 τῶν
929 1324 1135 1371 ποταμοῖν
1181 1326 1250 1364 καὶ
1297 1323 1406 1376 ῥέων
1453 1323 1673 1377 ἠπιώτατα
1717 1328 1765 1366 cf.
1809 1327 1909 1367 Xen.

211 1390 300 1431 Oec.
335 1393 402 1442 20,
437 1395 487 1432 11
522 1393 640 1432 Arist.
670 1394 827 1434 Meteor.
856 1396 893 1446 2,
926 1391 1089 1435 353b18
1120 1396 1209 1435 alib.
1241 1396 1351 1446 Diog.
1385 1397 1559 1447 Apollon.
1592 1397 1624 1435 B
1656 1399 1681 1437 5
1714 1398 1910 1449 (Vorsokr.

209 1462 256 1500 Ι2
278 1463 378 1514 336)
401 1459 519 1516 (ἀὴρ)
552 1465 623 1503 καὶ
655 1461 907 1516 θερμότερος
938 1467 1006 1505 καὶ
1037 1461 1300 1518 ψυχρότερος
1331 1469 1401 1506 καὶ
1431 1465 1656 1519 ξηρότερος
1686 1470 1755 1508 καὶ
1786 1465 1910 1519 ὑγρό-

211 1547 330 1585 τερος
367 1536 437 1573 καὶ
477 1532 784 1588 στασιμώτερος
815 1538 884 1576 καὶ
916 1534 1117 1589 ὀξυτὲρην
1147 1540 1313 1589 κίνησιν
1343 1537 1480 1589 ἔχων),
1514 1539 1607 1579 hinc
1637 1541 1754 1579 verbo
1785 1545 1910 1580 trans-

208 1607 288 1643 lato
318 1609 494 1644 naturam
526 1607 692 1646 hominis
724 1608 787 1647 vel
817 1608 893 1647 loci
912 1607 1036 1660 (VIII,
1061 1610 1144 1649 238
1165 1609 1208 1649 L.
1242 1610 1284 1648 αἱ
1314 1610 1390 1657 μὲν
1420 1612 1580 1662 ψυχραὶ
1611 1611 1906 1660 (γυναῖκεςὶ...

211 1672 399 1727 ῥοώὸεες,
436 1677 477 1716 αἱ
517 1678 558 1716 δὲ
588 1681 768 1730 θερμαὶ.
787 1709 795 1718 .
814 1710 822 1718 .
859 1674 1049 1728 στάσιμοι
1080 1680 1170 1730 VII,
1203 1680 1287 1719 312
1327 1681 1368 1720 οἱ
1398 1681 1473 1729 μὲν
1503 1682 1592 1721 τῶν
1621 1678 1770 1722 τόπων
1801 1678 1909 1734 ῥοώ-

211 1747 303 1796 δεις,
342 1748 382 1787 οἱ
413 1749 454 1787 δὲ
487 1750 608 1800 ξηροὶ
640 1751 709 1788 καὶ
749 1746 967 1803 στάσιμοι),
1006 1764 1083 1802 qua
1110 1763 1204 1790 voce
1235 1751 1434 1791 simillime
1465 1756 1629 1791 utuntur
1660 1753 1725 1804 qui
1756 1753 1906 1793 animos

210 1816 259 1870 (e.
292 1831 328 1868 g.
359 1819 471 1858 Plato
503 1820 583 1858 Pol.
614 1820 694 1859 VII
736 1818 820 1860 539
854 1821 888 1859 D
919 1818 994 1869 τὰς
1032 1818 1177 1871 φύσεις
1213 1824 1415 1870 κοσμίους
1445 1821 1548 1862 εἶναι
1579 1825 1648 1863 καὶ
1682 1825 1909 1872 στασίμους

209 1889 366 1928 Aristot.
412 1892 506 1941 περὶ
539 1888 601 1942 ἀρ.
635 1892 705 1930 καὶ
735 1905 827 1931 κακ.
862 1893 974 1931 1250
994 1897 1013 1916 ²
1042 1894 1097 1932 43
1144 1889 1193 1932 τὸ
1236 1890 1438 1945 ἠρεμαῖον
1483 1893 1528 1933 ἐν
1569 1895 1636 1945 τῆι
1674 1895 1809 1945 ψυχῆι
1839 1896 1909 1934 καὶ

212 1955 428 2008 στάσιμον)
472 1962 535 2000 vel
577 1963 710 2001 modos
754 1975 1014 2014 numerosque
1054 1964 1188 2003 dicunt
1227 1966 1452 2012 στασίμους
1489 1962 1555 2018 (cf.
1594 1965 1772 2016 exempla
1810 1977 1848 2016 p.
1883 1967 1907 2005 9

208 2030 354 2082 allata).
416 2044 530 2082 porro
560 2045 651 2071 vero
683 2034 799 2072 sicuti
830 2034 964 2072 modos
995 2046 1041 2073 ac
1072 2047 1252 2074 numeros
1283 2036 1338 2073 ita
1368 2036 1540 2074 carmina
1570 2048 1724 2087 quoque
1753 2048 1776 2075 e
1804 2037 1929 2075 tran-'

209 2101 342 2152 quillis
374 2103 584 2153 composita
615 2105 799 2153 numeris,
831 2117 908 2143 non
939 2113 1155 2157 τροχεροῖς
1185 2107 1247 2145 vel
1281 2103 1606 2154 ἀναπαιστικοῖς,
1639 2106 1776 2146 Graeci
1797 2119 1908 2146 voca-

209 2176 350 2211 verunt
383 2170 571 2222 στάσιμα.
634 2187 709 2214 non
745 2176 867 2225 igitur
897 2177 1027 2215 cantui
1067 2189 1183 2227 quem
1222 2178 1263 2215 in
1294 2178 1530 2216 orchestram
1561 2177 1746 2216 introiens
1778 2182 1908 2217 cantat

208 2244 361 2293 chorus,
412 2257 488 2283 non
525 2246 668 2296 parodo
700 2251 963 2297 opposuerunt
994 2248 1195 2286 Stasimum
1226 2249 1292 2298 qui
1323 2249 1441 2306 primi
1470 2249 1544 2287 hac
1575 2249 1637 2287 usi
1669 2251 1762 2287 sunt
1789 2249 1909 2299 signi-

208 2314 399 2366 ficatione,
431 2315 500 2354 sed
530 2316 654 2366 ipsam
686 2310 826 2366 tragici
850 2318 1031 2357 carminis
1056 2323 1231 2357 naturam
1253 2319 1457 2368 designare
1479 2319 1693 2358 voluerunt.
1737 2322 1909 2359 attamen

208 2386 375 2435 quodam
426 2387 540 2425 modo
579 2388 801 2426 reducimur
839 2389 890 2427 ad
927 2389 1035 2427 illam
1075 2390 1326 2440 sententiam3
1375 2403 1466 2428 nam
1503 2402 1592 2428 cum
1630 2402 1675 2428 ea
1715 2390 1767 2428 sit
1808 2388 1908 2429 anti-

209 2457 398 2506 quissima
433 2458 570 2507 parodi
605 2459 739 2507 forma,
780 2472 897 2510 quam
937 2460 1155 2499 invenimus
1192 2461 1233 2498 in
1265 2460 1400 2511 Suppl.
1433 2461 1539 2499 Pers.
1571 2463 1643 2510 Ag.
1675 2462 1758 2499 Alc.
1789 2461 1908 2500 Aiace

210 2528 272 2577 (cf.
304 2540 341 2577 p.
374 2529 429 2567 48
469 2541 504 2579 q.
538 2527 599 2582 s),
643 2535 686 2567 ut
729 2531 869 2569 chorus
911 2531 952 2568 in
995 2531 1230 2569 orchestram
1272 2532 1459 2570 introiens
1502 2531 1637 2570 recitet
1677 2535 1909 2582 anapaestos

209 2599 378 2637 carmine
417 2600 541 2648 lyrico
577 2600 737 2651 insuper
767 2601 909 2650 addito,
950 2601 1023 2640 hoc
1053 2602 1217 2640 alterum
1249 2606 1427 2640 vocatum
1460 2614 1547 2641 esse
1578 2602 1792 2651 Stasimum,
1830 2614 1907 2641 non

211 2669 302 2718 quia
341 2673 563 2709 cantaretur
592 2684 615 2710 a
652 2672 768 2710 choro
806 2672 1022 2711 ‘stationem
1060 2684 1171 2711 suam
1206 2672 1409 2722 assecuto’‚
1441 2672 1511 2711 sed
1553 2673 1644 2723 quia
1683 2672 1907 2711 adiunctum

206 2743 312 2778 esset
354 2741 502 2780 cantico
545 2741 604 2780 illi
642 2742 923 2792 ‘anapaestico’,
961 2743 1043 2782 veri
1087 2755 1162 2782 non
1206 2748 1266 2782 est
1309 2743 1508 2782 dissimile.
1541 2766 1596 2771 -
1635 2755 1770 2782 verum
1813 2755 1905 2781 num
1942 2795 1944 2798 .

207 2822 344 2860 reapse
374 2812 436 2851 vel
468 2813 605 2862 tragici
636 2817 772 2863 poetae
803 2813 896 2852 olim
927 2814 1126 2852 trochaeos
1156 2814 1381 2853 recitantem
1411 2814 1451 2852 in
1479 2826 1657 2853 scaenam
1681 2814 1906 2852 induxerint

208 2880 379 2931 chorum,
419 2874 458 2920 id
500 2884 602 2934 quod
643 2885 812 2923 affirmat
843 2884 1073 2923 scholiastes
1113 2885 1163 2923 ad
1196 2886 1362 2924 Acharn.
1396 2885 1479 2924 210
1522 2885 1751 2936 γέγραπται
1783 2884 1826 2923 ὁὲ
1856 2879 1906 2922 τὸ
