2210 3340
959 235 1135 280 -69
1198 260 1246 267 -.

249 345 560 411 anapaesticum,
610 351 898 409 προκήρυγμα
941 359 1080 396 cantus
1119 356 1240 406 sacri,
1289 356 1497 396 recitatum
1540 369 1564 396 a
1607 357 1828 408 coryphaeo
1876 354 1973 397 dum

251 430 396 471 chorus
425 440 471 470 so
499 431 707 481 praeparat
736 427 788 468 ad
817 427 1050 482 canendum,
1087 427 1268 467 consistit
1302 427 1354 466 ad
1390 427 1624 478 saltandum,
1661 429 1830 479 populus
1861 429 1973 481 quasi

249 486 471 542 instituitur
499 500 552 541 ad
580 498 831 540 audiendum.
864 498 936 538 sed
967 499 1069 538 sicut
1098 498 1209 538 illam
1239 498 1354 538 modo
1385 499 1642 550 amplificavit
1672 499 1788 539 modo
1818 500 1972 547 minuit,

253 571 312 613 sic
340 574 459 625 prout
489 571 675 624 poscebat
703 569 860 610 fabulae
896 570 996 610 actio
1032 573 1264 622 anapaestos
1301 582 1457 622 quoque
1486 583 1592 610 nunc
1620 571 1772 622 amplos
1802 571 1974 611 reddidit

249 650 357 685 nuno
394 643 577 695 exiguos,
615 645 734 694 atque
773 641 845 681 hos
891 641 1051 694 quidem
1095 642 1269 682 stasimis
1305 642 1509 694 praemisit
1545 642 1726 694 inprimis
1763 643 1822 682 eis
1871 655 1972 695 quae

249 714 455 768 aptissima
495 716 608 754 erant
643 717 688 752 ut
724 713 800 753 hoc
829 712 1004 764 religiosi
1036 716 1176 754 cantus
1207 713 1485 754 decorarentur
1514 717 1752 766 ornamento,
1783 714 1972 765 precatio-

247 785 377 842 nibus,
406 785 569 839 naeniis,
599 785 942 837 gratulationibus,
980 785 1071 825 illos
1102 785 1260 837 parodis
1290 786 1470 826 attribuit
1501 788 1546 825 ut
1576 797 1674 838 quas
1704 797 1799 837 prae
1829 786 1972 826 ceteris

232 856 416 916 ⁴almucia
455 857 593 908 augeri
635 859 774 919 poetae
804 868 897 896 vere
936 857 1076 908 tragici
1116 857 1250 908 magni
1287 857 1481 897 interesse
1521 860 1729 911 oporteret.
1768 857 1970 907 vinculum

178 978 179 982 Ἰ
235 930 380 981 ⁴nutem
410 940 490 981 quo
527 928 735 968 stasimum
777 928 1095 980 prooemiumque
1136 931 1247 967 erant
1288 929 1508 979 coniuncta,
1551 928 1666 968 illum
1707 928 1841 980 ipsum
1882 928 1970 968 dico

228 972 460 1053 ⁴<³01'2yphaei
489 1000 656 1050 iussum,
687 1011 779 1039 cum
798 1000 998 1052 anapaesti
1016 1000 1143 1039 multo
1166 1000 1379 1051 ampliores
1409 995 1504 1040 facti
1535 1003 1669 1040 essent
1699 999 1882 1040 chorico
1871 1012 1970 1052 lpso,

233 1074 238 1084 “·
247 1071 439 1124 paulatim
467 1072 596 1112 laxari
625 1082 790 1111 necesse
820 1069 922 1111 erat:
963 1074 1098 1123 partes
1137 1071 1326 1111 discissae
1356 1075 1460 1122 sunt,
1501 1071 1580 1112 duo
1620 1073 1849 1123 comParent
1887 1083 1970 1111 car-

247 1143 357 1184 mina
383 1143 565 1184 absoluta
598 1144 852 1195 perfectaque
890 1146 1010 1195 atque
1048 1155 1140 1182 cum
1183 1143 1279 1182 olim
1318 1143 1563 1195 coryphaeus
1602 1143 1868 1195 precationem
1907 1143 1969 1183 vel

235 1215 408 1256 omnino
436 1214 711 1266 gravissimam
740 1214 891 1256 chorici
921 1215 1156 1254 sententiam
1186 1215 1325 1266 paucis
1368 1215 1500 1255 verbis
1530 1215 1732 1266 praeisset,
1763 1227 1868 1255 nunc
1898 1227 1970 1266 pro

249 1285 394 1327 maiore
441 1282 740 1339 anapaestorum
791 1286 1052 1338 amplitudine
1103 1289 1303 1327 structura
1358 1285 1403 1327 ἐκ
1460 1282 1742 1339 παραλλήλου
1795 1286 1969 1326 adhibita

234 1357 456 1409 invenitur.

394 1430 514 1470 ceteri
544 1429 682 1480 tragici
713 1433 759 1469 ut
788 1403 989 1470 desierunt
1019 1401 1250 1481 componere
1281 1430 1439 1470 chorica
1477 1429 1632 1481 parium
1662 1433 1874 1480 ternorum,
1914 1429 1969 1468 ita

248 1500 555 1553 repudiaverunt
579 1499 865 1554 προκήρυγμα
896 1501 1069 1552 stasimi3
1103 1501 1239 1553 parodi
1269 1501 1478 1554 prologum
1508 1502 1681 1553 primum
1711 1501 1968 1550 retinuerunt,

249 1571 394 1614 deinde
423 1573 775 1627 conformaverunt,
805 1576 892 1613 tum
923 1573 1151 1613 omiserunt.
