2210 3340
7 311 13 318 “
0 246 1 277 u„
8 0 34 214 *fiv-szffwyffig

47 72 54 81 ο
42 13 53 32 1³

944 221 1238 264 -55-

522 343 559 393 b)
591 343 698 383 Pers.
732 343 816 382 545
880 341 954 395 (αἱ
986 341 1246 393 Περσίδες)

881 411 1136 452 πενθοῦσι
1168 407 1287 461 γόοις
1321 409 1666 463 ἀκορεστοτάτοις

878 480 1015 533 κάγώ
1051 484 1094 523 δὲ
1123 481 1261 534 μόρον
1292 484 1380 523 τῶν
1412 479 1649 532 οἰχομένων

879 555 987 607 αἴρω
1021 555 1206 603 δοκίμως
1236 554 1493 606 πολυπενθῆ
1527 554 1573 608 (i.
1597 567 1628 594 e.
1662 551 1711 594 τὸ
1742 550 1904 602 πένθος

881 627 933 667 τῦ
962 627 1045 667 τοῦ
1073 621 1230 679 μόρου)

738 700 821 740 625
881 696 938 739 σύ
971 713 1020 738 τε
1051 693 1211 747 πέμπε
1240 694 1423 748 χοὰς...

878 767 1018 822 ἡμεῖς
1049 766 1099 810 θ’
1132 764 1284 818 ὕμνοις
1315 768 1588 820 αἰτησόμεθα.

378 844 520 895 prioris
550 843 767 883 consimilis
797 843 992 882 comarchi
1023 843 1158 881 iussus
1189 841 1299 892 Cycl.
1330 842 1416 881 492
1451 853 1568 892 quem
1601 840 1657 880 sic
1688 840 1809 880 edunt

737 909 857 965 φέρε
888 928 969 954 νιν
999 911 1159 962 κώμοις
1191 906 1484 961 παιδεύσωμεν

737 1000 814 1026 τον
844 983 1113 1034 ἀπαίδευτον,

234 1063 277 1098 at
315 1059 412 1099 mihi
451 1059 612 1111 quidem
653 1058 844 1109 frigidum
884 1058 1038 1097 videtur
1077 1057 1260 1108 copulare
1301 1057 1370 1096 νὶν
1405 1058 1446 1096 et
1477 1051 1552 1096 τὸν
1585 1053 1854 1103 ἀπαίδευτον,
1898 1054 1953 1093 nil

236 1134 435 1171 mutamus
465 1130 739 1182 pervulgatum
770 1130 1022 1170 restituentes
1054 1140 1273 1168 sermonem
1287 1128 1316 1176 l)

739 1197 858 1252 φέρε
890 1215 982 1240 νυν
1012 1195 1172 1248 κώμοις
1203 1196 1496 1247 παιδεύσωμεν

737 1269 814 1312 τὸν
847 1269 1115 1312 ἀπαίδευτον.

380 1349 547 1397 utraque
578 1345 701 1384 forma
733 1357 840 1384 more
871 1347 916 1383 ut
947 1344 1140 1383 sentimus
1169 1342 1445 1394 antiquissimo
1476 1341 1624 1381 diserte
1642 1341 1836 1393 planeque
1865 1352 1954 1392 pro-

238 1418 457 1458 nuntiatur:
490 1417 653 1468 explicit
683 1417 914 1460 diverbium,
946 1415 1142 1454 canticum
1162 1415 1314 1466 incipit.
1375 1414 1565 1465 aptiorem
1585 1414 1618 1452 si
1640 1413 1700 1453 vis
1721 1413 1790 1452 sed
1821 1424 1955 1452 recen-

237 1490 378 1530 tiorem
408 1489 511 1540 legis
542 1488 648 1540 Sept.
673 1488 757 1528 822
791 1487 972 1539 quamvis
997 1487 1172 1538 corrupti
1195 1486 1404 1537 mutilique
1435 1485 1514 1524 sint
1534 1497 1685 1524 versus.
1746 1484 1955 1535 coryphaei

155 1578 157 1581 ’
235 1561 342 1601 enim
373 1561 505 1601 verbis
535 1560 649 1612 quasi
679 1559 895 1599 dubitantis

669 1624 705 1671 ὦ
738 1631 893 1673 Ζεῦ...
928 1626 1112 1681 πότερον
1141 1631 1278 1680 χαίρω
1310 1624 1597 1678 κάπολολύξω

669 1697 835 1751 πόλεως
865 1699 1030 1754 -Ῐ-ἀσινεῖ
1061 1700 1252 1753 σωτῆρά·
1588 1749 1593 1755 .

670 1770 696 1827 ἢ
729 1771 831 1823 τοὺς
861 1770 1095 1825 μογεροὺς.
1113 1805 1122 1813 .
1140 1805 1149 1813 .
1183 1767 1356 1813 κλαύσω
1389 1769 1704 1823 πολεμάρχους;

238 1849 448 1889 transitum
479 1848 567 1888 fieri
597 1850 759 1899 apparet
789 1847 838 1885 ad
870 1847 1056 1885 threnum
1094 1846 1135 1884 in
1172 1845 1278 1896 ipsos
1311 1845 1382 1884 hos
1414 1838 1707 1894 πολεμάρχους
1745 1845 1955 1882 cantatum.

386 1932 455 1972 pro
485 1919 708 1971 anapaestis
739 1918 801 1958 vel
833 1919 950 1957 etiam
982 1920 1137 1969 praeter
1167 1919 1400 1968 anapaestos
1437 1915 1581 1966 dialogi
1619 1914 1794 1955 numeris
1833 1914 1957 1953 conti·

240 1992 372 2032 nuatis
402 1994 449 2031 ut
478 1991 680 2031 histrionis
711 1990 913 2029 introitum
956 1990 1010 2028 ita
1047 1989 1111 2028 vel
1154 1988 1300 2028 chorici
1343 1987 1551 2028 exordium
1591 1986 1757 2026 iambico
1798 1986 1957 2037 prologo

239 2063 405 2116 parvulo
445 2063 590 2103 ducem
628 2062 948 2114 pronuntiantem
988 2061 1147 2100 induxit
1187 2063 1301 2111 poeta
1339 2060 1402 2099 his
1443 2059 1558 2099 locis:
1602 2059 1641 2097 in
1685 2058 1798 2097 Eum.
1842 2058 1959 2096 Furia

235 2139 450 2187 antequam
489 2138 638 2174 ceteras
668 2134 806 2173 incitet
834 2136 881 2172 ut
910 2132 959 2171 ad
992 2132 1215 2171 saltandum
1246 2143 1290 2171 se
1320 2131 1529 2181 accingant
1559 2130 1690 2169 verbis
1721 2142 1821 2181 quae
1843 2129 1956 2168 modo

236 2207 446 2259 exscripsi,
479 2204 606 2246 Oresti
636 2206 808 2245 affirmat
839 2203 959 2257 (304)

669 2270 808 2325 ὕμνον
840 2272 875 2316 δ’
901 2272 1076 2326 ἀκούσηι
1108 2269 1230 2314 τόνδε
1262 2270 1435 2323 δέσμιον
1467 2268 1603 2314 σέθεν.

375 2351 457 2400 Ag.
478 2351 561 2389 351
597 2349 690 2388 ordo
721 2360 905 2387 versuum
926 2348 961 2386 is
982 2351 1027 2386 ut
1051 2347 1189 2386 iambis
1220 2346 1334 2399 (quos
1365 2358 1566 2397 compares
1597 2345 1715 2385 velim
1747 2356 1837 2384 oum
1868 2356 1958 2383 ana-

240 2421 388 2474 paestis
418 2421 527 2461 Pers.
562 2421 662 2470 625)

528 2486 665 2542 γύναι,
700 2487 924 2542 εὐφρόνως
955 2487 1090 2540 λὲγεις
1120 2489 1344 2543 (Clytaem.)

529 2560 624 2614 ἐγώ
659 2563 731 2603 δὲ.
750 2594 758 2603 .
777 2594 785 2603 .
811 2559 941 2610 θεοὺς
972 2570 1214 2613 προσειπεῖν
1245 2554 1291 2602 εὖ
1323 2556 1699 2613 παρασκευάζομαι
1730 2559 1786 2612 (b)

385 2655 414 2700 ¹)
439 2656 485 2692 of.
511 2666 542 2691 e.
561 2666 594 2701 g.
626 2655 804 2700 Aristoph.
832 2655 940 2701 Vesp.
974 2656 1067 2691 1516
1099 2654 1150 2699 (in
1180 2653 1280 2689 initio
1312 2653 1432 2699 exodi)
1468 2652 1564 2700 φέρε
1589 2666 1659 2690 νυν
1696 2645 1802 2700 ἦμεῖς
1827 2644 1960 2694 αὐτοῖς

241 2715 380 2764 ὀλίγον
405 2712 718 2763 ξυγχωρήσωμεν
743 2708 908 2759 ἅπαντες
922 2741 931 2750 .
946 2741 954 2750 .
970 2742 978 2750 .
1023 2710 1094 2762 ἆγε
1120 2727 1189 2751 νυν
1215 2724 1244 2749 e.
1265 2724 1298 2758 g.
1317 2713 1457 2748 Thesm.
1477 2713 1545 2747 947
1573 2713 1638 2747 Av.
1661 2712 1754 2747 1744
1779 2710 1867 2747 Ran.
1888 2710 1958 2747 382

241 2775 304 2821 (cf.
332 2786 367 2821 p.
392 2773 437 2810 67
464 2785 496 2820 q.
514 2775 570 2819 s.).
619 2774 656 2809 in
681 2772 816 2818 dialogo
840 2773 1094 2819 Aristophanes
1130 2772 1224 2820 φέρε
1250 2787 1320 2810 νυν
1358 2776 1394 2808 et
1421 2769 1492 2819 ἄγε
1518 2785 1588 2808 νυν
1613 2770 1821 2816 saepissime
1846 2770 1960 2805 utitur

243 2836 284 2871 ut
313 2844 441 2870 novam
473 2833 650 2879 quandam
680 2833 892 2869 sententiam
926 2832 1000 2879 (vel
1025 2833 1132 2869 etiam
1158 2831 1298 2867 fabulae
1324 2832 1476 2877 partem)
1500 2831 1665 2866 instituat
1690 2830 1735 2866 cf.
1757 2841 1787 2866 e.
1804 2841 1837 2876 g.
1865 2829 1960 2878 φέρε

246 2908 316 2932 νυν
339 2893 448 2940 Vesp.
475 2894 521 2930 54
552 2892 691 2939 (incipit
717 2892 878 2938 prologus
904 2892 963 2938 qui
999 2891 1139 2938 proprie
1172 2891 1314 2936 dicitur)
1348 2890 1430 2926 827.
1456 2890 1537 2926 848.
1589 2885 1660 2938 ἆγε
1686 2904 1756 2927 νυν
1789 2890 1857 2925 211
1892 2890 1958 2934 (in-

243 2953 406 2990 stituitur
430 2953 597 2998 parodus)
626 2952 728 2987 1174.
757 2952 850 2988 1264
876 2953 938 2998 (cf.
965 2950 1084 2997 1516).
