2210 3340
957 226 1249 268 -39-

388 346 550 386 tertium
581 346 647 399 (cf.
680 346 854 398 Ghoeph.
887 346 948 386 ed.
979 359 1001 385 a
1033 346 1185 386 Blaesio
1217 359 1255 398 p.
1291 348 1390 398 129)

603 418 710 458 chor.
759 431 785 469 η
1304 418 1409 457 chor.
1474 433 1487 456 ι

603 488 662 528 ΕΙ.
755 491 787 528 θ
857 503 893 540 Γ
1303 489 1366 528 El.
1460 503 1484 540 η
1560 485 1606 528 Γ’

604 558 668 599 Or.
774 575 787 599 ι
1303 559 1367 600 Or.
1455 563 1487 599 θ

387 643 559 683 carmina
600 643 797 694 tripertita
851 640 944 692 AA',
992 640 1089 693 BB'‚
1131 640 1207 684 PP‘
1253 639 1430 684 seiuncta
1473 645 1698 695 anapaestis
1748 646 1963 696 coryphaei

243 713 298 766 (v.
331 715 429 754 306.
463 715 561 754 340.
595 716 694 755 371.
727 715 830 766 400)
870 716 1075 768 excipiunt
1112 716 1190 755 duo
1220 716 1330 767 paria
1361 716 1611 766 stropharum
1650 716 1840 756 tralaticia
1879 720 1964 757 arte

242 786 549 838 compositarum

817 860 842 886 κ
1303 850 1328 886 λ

816 914 857 958 κ’
879 843 901 986 ἒ
1305 916 1342 958 λ’
1366 842 1389 987 }

243 1013 346 1053 quae
377 1002 500 1041 solius
541 1006 636 1042 sunt
673 1002 794 1041 chori.
855 1003 978 1053 igitur
1017 1014 1175 1042 carmen
1215 1002 1362 1052 triplex
1402 1002 1469 1041 hic
1509 1009 1666 1054 quoque
1705 1005 1863 1042 auctum
1902 1006 1964 1043 est

244 1073 405 1123 minore,
436 1076 478 1112 at
507 1076 640 1113 utrum
672 1074 940 1125 disponendae
971 1074 1051 1113 sint
1082 1074 1266 1124 strophae
1295 1074 1334 1112 in

873 1146 899 1186 3
913 1142 960 1189 -Ι-
976 1146 1000 1184 2

676 1230 727 1256 an
757 1217 797 1256 in
871 1219 896 1257 3
911 1213 960 1260 ·Ι’·
975 1218 998 1257 1
1013 1213 1061 1261 -Ι-
1077 1218 1114 1268 1,

242 1300 372 1340 neque
401 1292 533 1340 potest
562 1289 768 1328 diiudicari
800 1301 928 1340 neque
959 1289 1125 1328 interest
1156 1289 1267 1339 scire,
1306 1289 1421 1328 modo
1452 1289 1493 1327 id
1523 1291 1659 1329 teneas
1690 1301 1760 1340 per
1790 1289 1962 1341 ultimas,

243 1360 368 1400 multo
381 1360 639 1411 simpliciores
653 1361 734 1400 illis
748 1364 945 1400 structura
957 1361 1225 1412 numerisque,
1243 1361 1413 1400 transire
1425 1364 1582 1412 poetam
1593 1360 1643 1400 ad
1657 1361 1824 1400 diverbii
1836 1360 1961 1410 λέξιν.

385 1443 528 1482 agmen
565 1432 724 1471 claudat
763 1432 958 1472 canticum
1001 1433 1075 1483 Ag.
1111 1432 1224 1472 1072
1270 1433 1384 1471 cuius
1427 1432 1600 1484 strophis
1647 1433 1761 1472 1-4
1792 1432 1962 1472 efficitur

204 1503 212 1506 ”
241 1503 474 1554 epirrhema,
507 1505 621 1544 5—7
654 1516 843 1544 commus.
906 1505 1041 1544 subest
1072 1505 1196 1544 forma

1029 1572 1172 1620 4-1-3.

242 1634 350 1686 prior
380 1643 566 1674 numerus
597 1635 721 1674 dividi
751 1635 898 1687 nequit.

386 1706 492 1758 quod
522 1707 761 1757 investigare
793 1719 980 1746 conamur
1019 1720 1178 1747 carmen
1219 1719 1297 1747 non
1337 1707 1533 1759 reperitur
1572 1708 1615 1746 in
1657 1708 1822 1748 commis
1853 1707 1960 1747 Pers.

243 1778 332 1818 694
363 1778 432 1830 qui
461 1790 540 1818 uno
583 1779 668 1818 solo
707 1779 927 1830 perexiguo
970 1783 1123 1819 constat
1165 1779 1251 1831 pari
1295 1792 1373 1831 quo
1417 1779 1535 1819 Darei
1578 1779 1771 1819 salutatur
1812 1779 1961 1829 umbra,

243 1848 381 1901 Suppl.
417 1851 501 1890 736
533 1850 611 1889 duo
641 1851 807 1902 parvula
837 1851 1050 1891 exhibente
1080 1851 1183 1890 inter
1214 1851 1377 1891 stasima
1397 1851 1588 1891 collocata
1608 1851 1732 1891 multo
1765 1851 1909 1890 maiora
1920 1850 1961 1902 ¹).

386 1925 428 1960 at
458 1922 691 1973 exceptione
722 1922 905 1962 dicebant
935 1923 1028 1962 olim
1060 1923 1208 1962 firmari
1239 1923 1417 1973 regulam
1448 1935 1577 1975 neque
1608 1926 1670 1962 est
1701 1935 1772 1962 cur
1802 1926 1962 1974 propter

241 1993 332 2033 illos
361 1993 650 2044 restringamus
679 2006 798 2045 quam
830 1994 1019 2046 prolaturi
1052 2006 1191 2034 sumus
1223 1995 1470 2035 sententiam.

326 2076 329 2079 ⁵
387 2101 409 2128 e
439 2089 584 2129 Bacchi
622 2090 732 2129 cultu
773 2093 864 2129 nata
904 2094 966 2129 est
1006 2090 1214 2143 tragoedia,
1255 2091 1418 2130 deorum
1458 2090 1500 2128 in
1540 2090 1652 2130 cultu
1690 2094 1773 2129 tres
1813 2090 1962 2129 cantari

241 2161 420 2201 solebant
470 2162 744 2201 cantiunculae
794 2161 931 2201 eodem
981 2162 1206 2202 incedentes
1256 2163 1367 2213 pede,
1412 2156 1536 2201 vsicuti
1585 2161 1748 2213 epodica
1789 2162 1962 2201 earmina

241 2231 482 2274 Graecorum
523 2234 627 2273 sexti
668 2234 875 2285 quintique
904 2247 938 2272 a.
971 2234 1062 2274 Chr.
1084 2247 1121 2274 n.
1144 2246 1175 2274 s.
1215 2234 1412 2285 tripertita
1455 2237 1577 2274 erant.
1638 2234 1778 2284 tragici
1822 2232 1961 2273 Graeci

241 2305 319 2356 ipsi
359 2317 518 2357 quoque
556 2308 719 2345 tenuere
759 2318 849 2344 cum
893 2305 1031 2345 modos
1074 2318 1338 2357 numerosque
1376 2308 1461 2345 tum
1505 2318 1703 2345 sacrorum
1743 2305 1961 2345 carminum

241 2376 400 2427 formas,
431 2377 559 2417 tenuit
589 2376 815 2427 Aeschylus
847 2377 1077 2417 soHemnem
1119 2378 1368 2429 stropharum
1409 2389 1628 2417 numerum.
1690 2377 1799 2428 paria
1829 2380 1959 2417 autem

242 2460 314 2499 pro
345 2449 518 2500 strophis
550 2448 797 2499 simplicibus
827 2452 959 2488 utrum
1000 2449 1223 2500 tragoediae
1264 2448 1566 2500 comoediaeque
1605 2449 1766 2488 demum
1805 2449 1962 2500 propria

241 2519 323 2559 sint
353 2532 488 2571 necne,
520 2521 598 2560 etsi
629 2533 679 2560 ne
710 2521 776 2560 hic
806 2521 965 2572 quidem
996 2524 1129 2572 potest
1149 2521 1295 2573 quaeri,
1327 2525 1458 2561 tamen
1490 2521 1541 2560 ad
1560 2533 1643 2560 rem
1664 2521 1792 2572 ipsam
1813 2520 1960 2559 nullius

240 2603 332 2631 esse
363 2592 551 2632 momenti
581 2592 837 2634 manifestum
869 2596 940 2633 est.

384 2663 512 2703 tenuit
542 2664 768 2714 Aeschylus
794 2665 1042 2715 stropharum
1067 2676 1276 2704 numerum
1296 2664 1545 2704 tralaticium.
1606 2664 1699 2704 hinc
1717 2664 1962 2714 intellegitur

240 2746 314 2773 cur
344 2738 383 2774 et
414 2735 576 2775 stasima
606 2739 646 2775 et
676 2747 851 2775 commos
881 2736 1099 2787 permultos
1129 2736 1253 2776 ternis
1283 2735 1548 2787 composuerit
1571 2735 1750 2787 paribus3
1784 2748 1885 2787 quae
1917 2739 1961 2774 ut

388 2886 417 2929 ¹)
441 2885 584 2931 Septem
623 2886 765 2923 fabulae
805 2887 958 2923 exodum
992 2887 1093 2923 cuius
1126 2887 1170 2923 de
1205 2886 1411 2933 integritate
1444 2887 1657 2924 dissentiunt
1687 2898 1784 2924 nunc
1816 2888 1958 2933 quidem

239 2945 372 2981 taoitus
396 2945 574 2990 praeterii.
